SELECT * FROM public.member WHERE memid = 1
1
[2024-11-11 09:06:17.912]wsClass,init,ETC,bit
[2024-11-11 09:06:17.912]wsClass,init,ETC,up
[2024-11-11 09:06:17.935]wsClass,connected,ETC,up
[2024-11-11 09:06:17.957]wsClass,connected,ETC,bit
[2024-11-11 09:06:17.962]wsPrivateClass,connected,ETC,bit
[2024-11-11 09:06:17.975]wsPrivateClass,close,ETC,bitstatus_code:None,msg:None
[2024-11-11 09:06:18.020]wsPrivateClass,connected,ETC,bit
[2024-11-11 09:06:18.218]wsPrivateClass,connected,ETC,up
[09:31:02.562][1]빗썸1111111111111매수신청 완료(C0105000000391657852), mode:1, result:{'uuid': 'C0105000000391657852', 'side': 'bid', 'ord_type': 'limit', 'price': '32220', 'state': 'wait', 'market': 'KRW-ETC', 'created_at': '2024-11-11T09:31:02+09:00', 'volume': '25', 'remaining_volume': '25', 'reserved_fee': '2013.75', 'remaining_fee': '2013.75', 'paid_fee': '0', 'locked': '807514.75', 'executed_volume': '0', 'trades_count': 0}
[09:31:02.565][1][bit](BID) 주문상태:wait, {'type': 'myOrder', 'code': 'KRW-ETC', 'uuid': 'C0105000000391657852', 'ask_bid': 'BID', 'order_type': 'limit', 'state': 'wait', 'trade_uuid': None, 'price': 32220, 'volume': 25, 'remaining_volume': 25, 'executed_volume': 0, 'trades_count': 0, 'reserved_fee': 2013.75, 'remaining_fee': 2013.75, 'paid_fee': 0, 'executed_funds': 0, 'trade_timestamp': None, 'order_timestamp': 1731285062464, 'timestamp': 1731285062555, 'stream_type': 'REALTIME'}
[09:31:02.568][1]bit22222222222222222 매수대기 (C0105000000391657852),{'type': 'myOrder', 'code': 'KRW-ETC', 'uuid': 'C0105000000391657852', 'ask_bid': 'BID', 'order_type': 'limit', 'state': 'wait', 'trade_uuid': None, 'price': 32220, 'volume': 25, 'remaining_volume': 25, 'executed_volume': 0, 'trades_count': 0, 'reserved_fee': 2013.75, 'remaining_fee': 2013.75, 'paid_fee': 0, 'executed_funds': 0, 'trade_timestamp': None, 'order_timestamp': 1731285062464, 'timestamp': 1731285062555, 'stream_type': 'REALTIME'}
[09:31:03.440][1]빗썸탈출신청(C0105000000391657852) mode:1, 빗썸매수3까지 내려옴. 매수금액(32220.0), 매수2(32230.0)
[09:31:03.677][1]빗썸탈출신청결과(C0105000000391657852) status_code:200 , {'uuid': 'C0105000000391657852', 'side': 'bid', 'ord_type': 'limit', 'price': '32220', 'state': 'wait', 'market': 'KRW-ETC', 'created_at': '2024-11-11T09:31:02+09:00', 'volume': '25', 'remaining_volume': '25', 'reserved_fee': '2013.75', 'remaining_fee': '2013.75', 'paid_fee': '0', 'locked': '807514.75', 'executed_volume': '0', 'trades_count': 0}
[09:31:03.715][1][bit](BID) 주문상태:cancel, {'type': 'myOrder', 'code': 'KRW-ETC', 'uuid': 'C0105000000391657852', 'ask_bid': 'BID', 'order_type': 'limit', 'state': 'cancel', 'trade_uuid': None, 'price': 32220, 'volume': 25, 'remaining_volume': 25, 'executed_volume': 0, 'trades_count': 0, 'reserved_fee': 2013.75, 'remaining_fee': 2013.75, 'paid_fee': 0, 'executed_funds': 0, 'trade_timestamp': None, 'order_timestamp': 1731285062464, 'timestamp': 1731285063707, 'stream_type': 'REALTIME'}
[09:31:03.716][1]bit33333333333333333 매수취소(C0105000000391657852), {'type': 'myOrder', 'code': 'KRW-ETC', 'uuid': 'C0105000000391657852', 'ask_bid': 'BID', 'order_type': 'limit', 'state': 'cancel', 'trade_uuid': None, 'price': 32220, 'volume': 25, 'remaining_volume': 25, 'executed_volume': 0, 'trades_count': 0, 'reserved_fee': 2013.75, 'remaining_fee': 2013.75, 'paid_fee': 0, 'executed_funds': 0, 'trade_timestamp': None, 'order_timestamp': 1731285062464, 'timestamp': 1731285063707, 'stream_type': 'REALTIME'}
[09:31:03.716][1]bit 4444444444444 쓰레드 정리 isclear isClear(C0105000000391657852), 남은양:25.0, {'type': 'myOrder', 'code': 'KRW-ETC', 'uuid': 'C0105000000391657852', 'ask_bid': 'BID', 'order_type': 'limit', 'state': 'cancel', 'trade_uuid': None, 'price': 32220, 'volume': 25, 'remaining_volume': 25, 'executed_volume': 0, 'trades_count': 0, 'reserved_fee': 2013.75, 'remaining_fee': 2013.75, 'paid_fee': 0, 'executed_funds': 0, 'trade_timestamp': None, 'order_timestamp': 1731285062464, 'timestamp': 1731285063707, 'stream_type': 'REALTIME'}
[09:31:03.717][MyApi]stop_threads 시작 C0105000000391657852
[09:31:03.718]빗썸 [1][MyApi]쓰레드 종료
[09:31:03.718][1] 666666666666666 [MyApi]stop_threads 종료 C0105000000391657852
[09:31:05.798][2]빗썸1111111111111매수신청 완료(C0105000000391657869), mode:1, result:{'uuid': 'C0105000000391657869', 'side': 'bid', 'ord_type': 'limit', 'price': '32220', 'state': 'wait', 'market': 'KRW-ETC', 'created_at': '2024-11-11T09:31:05+09:00', 'volume': '25', 'remaining_volume': '25', 'reserved_fee': '2013.75', 'remaining_fee': '2013.75', 'paid_fee': '0', 'locked': '807514.75', 'executed_volume': '0', 'trades_count': 0}
[09:31:05.811][2][bit](BID) 주문상태:wait, {'type': 'myOrder', 'code': 'KRW-ETC', 'uuid': 'C0105000000391657869', 'ask_bid': 'BID', 'order_type': 'limit', 'state': 'wait', 'trade_uuid': None, 'price': 32220, 'volume': 25, 'remaining_volume': 25, 'executed_volume': 0, 'trades_count': 0, 'reserved_fee': 2013.75, 'remaining_fee': 2013.75, 'paid_fee': 0, 'executed_funds': 0, 'trade_timestamp': None, 'order_timestamp': 1731285065713, 'timestamp': 1731285065804, 'stream_type': 'REALTIME'}
[09:31:05.812][2]bit22222222222222222 매수대기 (C0105000000391657869),{'type': 'myOrder', 'code': 'KRW-ETC', 'uuid': 'C0105000000391657869', 'ask_bid': 'BID', 'order_type': 'limit', 'state': 'wait', 'trade_uuid': None, 'price': 32220, 'volume': 25, 'remaining_volume': 25, 'executed_volume': 0, 'trades_count': 0, 'reserved_fee': 2013.75, 'remaining_fee': 2013.75, 'paid_fee': 0, 'executed_funds': 0, 'trade_timestamp': None, 'order_timestamp': 1731285065713, 'timestamp': 1731285065804, 'stream_type': 'REALTIME'}
[09:31:11.208][2]빗썸탈출신청(C0105000000391657869) mode:1, 빗썸매수3까지 내려옴. 매수금액(32220.0), 매수2(32230.0)
[09:31:11.458][2]빗썸탈출신청결과(C0105000000391657869) status_code:200 , {'uuid': 'C0105000000391657869', 'side': 'bid', 'ord_type': 'limit', 'price': '32220', 'state': 'wait', 'market': 'KRW-ETC', 'created_at': '2024-11-11T09:31:05+09:00', 'volume': '25', 'remaining_volume': '25', 'reserved_fee': '2013.75', 'remaining_fee': '2013.75', 'paid_fee': '0', 'locked': '807514.75', 'executed_volume': '0', 'trades_count': 0}
[09:31:11.510][2][bit](BID) 주문상태:cancel, {'type': 'myOrder', 'code': 'KRW-ETC', 'uuid': 'C0105000000391657869', 'ask_bid': 'BID', 'order_type': 'limit', 'state': 'cancel', 'trade_uuid': None, 'price': 32220, 'volume': 25, 'remaining_volume': 25, 'executed_volume': 0, 'trades_count': 0, 'reserved_fee': 2013.75, 'remaining_fee': 2013.75, 'paid_fee': 0, 'executed_funds': 0, 'trade_timestamp': None, 'order_timestamp': 1731285065713, 'timestamp': 1731285071503, 'stream_type': 'REALTIME'}
[09:31:11.510][2]bit33333333333333333 매수취소(C0105000000391657869), {'type': 'myOrder', 'code': 'KRW-ETC', 'uuid': 'C0105000000391657869', 'ask_bid': 'BID', 'order_type': 'limit', 'state': 'cancel', 'trade_uuid': None, 'price': 32220, 'volume': 25, 'remaining_volume': 25, 'executed_volume': 0, 'trades_count': 0, 'reserved_fee': 2013.75, 'remaining_fee': 2013.75, 'paid_fee': 0, 'executed_funds': 0, 'trade_timestamp': None, 'order_timestamp': 1731285065713, 'timestamp': 1731285071503, 'stream_type': 'REALTIME'}
[09:31:11.510][2]bit 4444444444444 쓰레드 정리 isclear isClear(C0105000000391657869), 남은양:25.0, {'type': 'myOrder', 'code': 'KRW-ETC', 'uuid': 'C0105000000391657869', 'ask_bid': 'BID', 'order_type': 'limit', 'state': 'cancel', 'trade_uuid': None, 'price': 32220, 'volume': 25, 'remaining_volume': 25, 'executed_volume': 0, 'trades_count': 0, 'reserved_fee': 2013.75, 'remaining_fee': 2013.75, 'paid_fee': 0, 'executed_funds': 0, 'trade_timestamp': None, 'order_timestamp': 1731285065713, 'timestamp': 1731285071503, 'stream_type': 'REALTIME'}
[09:31:11.512][MyApi]stop_threads 시작 C0105000000391657869
[09:31:11.514]빗썸 [2][MyApi]쓰레드 종료
[09:31:11.515][2] 666666666666666 [MyApi]stop_threads 종료 C0105000000391657869
[09:31:19.887][3]빗썸1111111111111매수신청 완료(C0105000000391657928), mode:1, result:{'uuid': 'C0105000000391657928', 'side': 'bid', 'ord_type': 'limit', 'price': '32220', 'state': 'wait', 'market': 'KRW-ETC', 'created_at': '2024-11-11T09:31:19+09:00', 'volume': '25', 'remaining_volume': '25', 'reserved_fee': '2013.75', 'remaining_fee': '2013.75', 'paid_fee': '0', 'locked': '807514.75', 'executed_volume': '0', 'trades_count': 0}
[09:31:19.915][3][bit](BID) 주문상태:wait, {'type': 'myOrder', 'code': 'KRW-ETC', 'uuid': 'C0105000000391657928', 'ask_bid': 'BID', 'order_type': 'limit', 'state': 'wait', 'trade_uuid': None, 'price': 32220, 'volume': 25, 'remaining_volume': 25, 'executed_volume': 0, 'trades_count': 0, 'reserved_fee': 2013.75, 'remaining_fee': 2013.75, 'paid_fee': 0, 'executed_funds': 0, 'trade_timestamp': None, 'order_timestamp': 1731285079800, 'timestamp': 1731285079908, 'stream_type': 'REALTIME'}
[09:31:19.916][3]bit22222222222222222 매수대기 (C0105000000391657928),{'type': 'myOrder', 'code': 'KRW-ETC', 'uuid': 'C0105000000391657928', 'ask_bid': 'BID', 'order_type': 'limit', 'state': 'wait', 'trade_uuid': None, 'price': 32220, 'volume': 25, 'remaining_volume': 25, 'executed_volume': 0, 'trades_count': 0, 'reserved_fee': 2013.75, 'remaining_fee': 2013.75, 'paid_fee': 0, 'executed_funds': 0, 'trade_timestamp': None, 'order_timestamp': 1731285079800, 'timestamp': 1731285079908, 'stream_type': 'REALTIME'}
[09:31:30.296][3]빗썸탈출신청(C0105000000391657928) mode:1, 빗썸매수3까지 내려옴. 매수금액(32220.0), 매수2(32230.0)
[09:31:30.567][3]빗썸탈출신청결과(C0105000000391657928) status_code:200 , {'uuid': 'C0105000000391657928', 'side': 'bid', 'ord_type': 'limit', 'price': '32220', 'state': 'wait', 'market': 'KRW-ETC', 'created_at': '2024-11-11T09:31:19+09:00', 'volume': '25', 'remaining_volume': '25', 'reserved_fee': '2013.75', 'remaining_fee': '2013.75', 'paid_fee': '0', 'locked': '807514.75', 'executed_volume': '0', 'trades_count': 0}
[09:31:30.615][3][bit](BID) 주문상태:cancel, {'type': 'myOrder', 'code': 'KRW-ETC', 'uuid': 'C0105000000391657928', 'ask_bid': 'BID', 'order_type': 'limit', 'state': 'cancel', 'trade_uuid': None, 'price': 32220, 'volume': 25, 'remaining_volume': 25, 'executed_volume': 0, 'trades_count': 0, 'reserved_fee': 2013.75, 'remaining_fee': 2013.75, 'paid_fee': 0, 'executed_funds': 0, 'trade_timestamp': None, 'order_timestamp': 1731285079800, 'timestamp': 1731285090608, 'stream_type': 'REALTIME'}
[09:31:30.616][3]bit33333333333333333 매수취소(C0105000000391657928), {'type': 'myOrder', 'code': 'KRW-ETC', 'uuid': 'C0105000000391657928', 'ask_bid': 'BID', 'order_type': 'limit', 'state': 'cancel', 'trade_uuid': None, 'price': 32220, 'volume': 25, 'remaining_volume': 25, 'executed_volume': 0, 'trades_count': 0, 'reserved_fee': 2013.75, 'remaining_fee': 2013.75, 'paid_fee': 0, 'executed_funds': 0, 'trade_timestamp': None, 'order_timestamp': 1731285079800, 'timestamp': 1731285090608, 'stream_type': 'REALTIME'}
[09:31:30.616][3]bit 4444444444444 쓰레드 정리 isclear isClear(C0105000000391657928), 남은양:25.0, {'type': 'myOrder', 'code': 'KRW-ETC', 'uuid': 'C0105000000391657928', 'ask_bid': 'BID', 'order_type': 'limit', 'state': 'cancel', 'trade_uuid': None, 'price': 32220, 'volume': 25, 'remaining_volume': 25, 'executed_volume': 0, 'trades_count': 0, 'reserved_fee': 2013.75, 'remaining_fee': 2013.75, 'paid_fee': 0, 'executed_funds': 0, 'trade_timestamp': None, 'order_timestamp': 1731285079800, 'timestamp': 1731285090608, 'stream_type': 'REALTIME'}
[09:31:30.617][MyApi]stop_threads 시작 C0105000000391657928
[09:31:30.620]빗썸 [3][MyApi]쓰레드 종료
[09:31:30.620][3] 666666666666666 [MyApi]stop_threads 종료 C0105000000391657928
[09:48:00.918][4]빗썸1111111111111매수신청 완료(C0105000000391662522), mode:1, result:{'uuid': 'C0105000000391662522', 'side': 'bid', 'ord_type': 'limit', 'price': '31910', 'state': 'wait', 'market': 'KRW-ETC', 'created_at': '2024-11-11T09:48:00+09:00', 'volume': '25', 'remaining_volume': '25', 'reserved_fee': '1994.375', 'remaining_fee': '1994.375', 'paid_fee': '0', 'locked': '799745.375', 'executed_volume': '0', 'trades_count': 0}
[09:48:00.919][4]빗썸탈출신청(C0105000000391662522) mode:1, 최종적으로 수량 부족으로 탈출. 업빗매수2차익:10.0, BitToUp:22.344, UpToBit:15.965, 남은매수/신청매수:25.0/25.0, buy_amount:9.99888684, get_total_units:0, up_buy1_amount:9.99888684, up_buy2_amount:40.62879379
[09:48:00.960][4][bit](BID) 주문상태:wait, {'type': 'myOrder', 'code': 'KRW-ETC', 'uuid': 'C0105000000391662522', 'ask_bid': 'BID', 'order_type': 'limit', 'state': 'wait', 'trade_uuid': None, 'price': 31910, 'volume': 25, 'remaining_volume': 25, 'executed_volume': 0, 'trades_count': 0, 'reserved_fee': 1994.375, 'remaining_fee': 1994.375, 'paid_fee': 0, 'executed_funds': 0, 'trade_timestamp': None, 'order_timestamp': 1731286080824, 'timestamp': 1731286080953, 'stream_type': 'REALTIME'}
[09:48:00.962][4]bit22222222222222222 매수대기 (C0105000000391662522),{'type': 'myOrder', 'code': 'KRW-ETC', 'uuid': 'C0105000000391662522', 'ask_bid': 'BID', 'order_type': 'limit', 'state': 'wait', 'trade_uuid': None, 'price': 31910, 'volume': 25, 'remaining_volume': 25, 'executed_volume': 0, 'trades_count': 0, 'reserved_fee': 1994.375, 'remaining_fee': 1994.375, 'paid_fee': 0, 'executed_funds': 0, 'trade_timestamp': None, 'order_timestamp': 1731286080824, 'timestamp': 1731286080953, 'stream_type': 'REALTIME'}
[09:48:01.354][4]빗썸탈출신청결과(C0105000000391662522) status_code:200 , {'uuid': 'C0105000000391662522', 'side': 'bid', 'ord_type': 'limit', 'price': '31910', 'state': 'wait', 'market': 'KRW-ETC', 'created_at': '2024-11-11T09:48:00+09:00', 'volume': '25', 'remaining_volume': '25', 'reserved_fee': '1994.375', 'remaining_fee': '1994.375', 'paid_fee': '0', 'locked': '799745.375', 'executed_volume': '0', 'trades_count': 0}
[09:48:01.428][4][bit](BID) 주문상태:cancel, {'type': 'myOrder', 'code': 'KRW-ETC', 'uuid': 'C0105000000391662522', 'ask_bid': 'BID', 'order_type': 'limit', 'state': 'cancel', 'trade_uuid': None, 'price': 31910, 'volume': 25, 'remaining_volume': 25, 'executed_volume': 0, 'trades_count': 0, 'reserved_fee': 1994.375, 'remaining_fee': 1994.375, 'paid_fee': 0, 'executed_funds': 0, 'trade_timestamp': None, 'order_timestamp': 1731286080824, 'timestamp': 1731286081412, 'stream_type': 'REALTIME'}
[09:48:01.428][4]bit33333333333333333 매수취소(C0105000000391662522), {'type': 'myOrder', 'code': 'KRW-ETC', 'uuid': 'C0105000000391662522', 'ask_bid': 'BID', 'order_type': 'limit', 'state': 'cancel', 'trade_uuid': None, 'price': 31910, 'volume': 25, 'remaining_volume': 25, 'executed_volume': 0, 'trades_count': 0, 'reserved_fee': 1994.375, 'remaining_fee': 1994.375, 'paid_fee': 0, 'executed_funds': 0, 'trade_timestamp': None, 'order_timestamp': 1731286080824, 'timestamp': 1731286081412, 'stream_type': 'REALTIME'}
[09:48:01.428][4]bit 4444444444444 쓰레드 정리 isclear isClear(C0105000000391662522), 남은양:25.0, {'type': 'myOrder', 'code': 'KRW-ETC', 'uuid': 'C0105000000391662522', 'ask_bid': 'BID', 'order_type': 'limit', 'state': 'cancel', 'trade_uuid': None, 'price': 31910, 'volume': 25, 'remaining_volume': 25, 'executed_volume': 0, 'trades_count': 0, 'reserved_fee': 1994.375, 'remaining_fee': 1994.375, 'paid_fee': 0, 'executed_funds': 0, 'trade_timestamp': None, 'order_timestamp': 1731286080824, 'timestamp': 1731286081412, 'stream_type': 'REALTIME'}
[09:48:01.429][MyApi]stop_threads 시작 C0105000000391662522
[09:48:01.431]빗썸 [4][MyApi]쓰레드 종료
[09:48:01.431][4] 666666666666666 [MyApi]stop_threads 종료 C0105000000391662522
[10:17:19.070][5]빗썸1111111111111매수신청 완료(C0105000000391670423), mode:1, result:{'uuid': 'C0105000000391670423', 'side': 'bid', 'ord_type': 'limit', 'price': '31910', 'state': 'wait', 'market': 'KRW-ETC', 'created_at': '2024-11-11T10:17:18+09:00', 'volume': '25', 'remaining_volume': '25', 'reserved_fee': '1994.375', 'remaining_fee': '1994.375', 'paid_fee': '0', 'locked': '799745.375', 'executed_volume': '0', 'trades_count': 0}
[10:17:19.113][5][bit](BID) 주문상태:wait, {'type': 'myOrder', 'code': 'KRW-ETC', 'uuid': 'C0105000000391670423', 'ask_bid': 'BID', 'order_type': 'limit', 'state': 'wait', 'trade_uuid': None, 'price': 31910, 'volume': 25, 'remaining_volume': 25, 'executed_volume': 0, 'trades_count': 0, 'reserved_fee': 1994.375, 'remaining_fee': 1994.375, 'paid_fee': 0, 'executed_funds': 0, 'trade_timestamp': None, 'order_timestamp': 1731287838986, 'timestamp': 1731287839104, 'stream_type': 'REALTIME'}
[10:17:19.114][5]bit22222222222222222 매수대기 (C0105000000391670423),{'type': 'myOrder', 'code': 'KRW-ETC', 'uuid': 'C0105000000391670423', 'ask_bid': 'BID', 'order_type': 'limit', 'state': 'wait', 'trade_uuid': None, 'price': 31910, 'volume': 25, 'remaining_volume': 25, 'executed_volume': 0, 'trades_count': 0, 'reserved_fee': 1994.375, 'remaining_fee': 1994.375, 'paid_fee': 0, 'executed_funds': 0, 'trade_timestamp': None, 'order_timestamp': 1731287838986, 'timestamp': 1731287839104, 'stream_type': 'REALTIME'}
[10:17:19.220][5]빗썸탈출신청(C0105000000391670423) mode:1, 차익 부족20.0(22.337)
[10:17:19.499][5]빗썸탈출신청결과(C0105000000391670423) status_code:200 , {'uuid': 'C0105000000391670423', 'side': 'bid', 'ord_type': 'limit', 'price': '31910', 'state': 'wait', 'market': 'KRW-ETC', 'created_at': '2024-11-11T10:17:18+09:00', 'volume': '25', 'remaining_volume': '25', 'reserved_fee': '1994.375', 'remaining_fee': '1994.375', 'paid_fee': '0', 'locked': '799745.375', 'executed_volume': '0', 'trades_count': 0}
[10:17:19.515][5]빗썸탈출신청(C0105000000391670423) mode:1, 차익 부족20.0(22.337)
[10:17:19.568][5][bit](BID) 주문상태:cancel, {'type': 'myOrder', 'code': 'KRW-ETC', 'uuid': 'C0105000000391670423', 'ask_bid': 'BID', 'order_type': 'limit', 'state': 'cancel', 'trade_uuid': None, 'price': 31910, 'volume': 25, 'remaining_volume': 25, 'executed_volume': 0, 'trades_count': 0, 'reserved_fee': 1994.375, 'remaining_fee': 1994.375, 'paid_fee': 0, 'executed_funds': 0, 'trade_timestamp': None, 'order_timestamp': 1731287838986, 'timestamp': 1731287839559, 'stream_type': 'REALTIME'}
[10:17:19.568][5]bit33333333333333333 매수취소(C0105000000391670423), {'type': 'myOrder', 'code': 'KRW-ETC', 'uuid': 'C0105000000391670423', 'ask_bid': 'BID', 'order_type': 'limit', 'state': 'cancel', 'trade_uuid': None, 'price': 31910, 'volume': 25, 'remaining_volume': 25, 'executed_volume': 0, 'trades_count': 0, 'reserved_fee': 1994.375, 'remaining_fee': 1994.375, 'paid_fee': 0, 'executed_funds': 0, 'trade_timestamp': None, 'order_timestamp': 1731287838986, 'timestamp': 1731287839559, 'stream_type': 'REALTIME'}
[10:17:19.568][5]bit 4444444444444 쓰레드 정리 isclear isClear(C0105000000391670423), 남은양:25.0, {'type': 'myOrder', 'code': 'KRW-ETC', 'uuid': 'C0105000000391670423', 'ask_bid': 'BID', 'order_type': 'limit', 'state': 'cancel', 'trade_uuid': None, 'price': 31910, 'volume': 25, 'remaining_volume': 25, 'executed_volume': 0, 'trades_count': 0, 'reserved_fee': 1994.375, 'remaining_fee': 1994.375, 'paid_fee': 0, 'executed_funds': 0, 'trade_timestamp': None, 'order_timestamp': 1731287838986, 'timestamp': 1731287839559, 'stream_type': 'REALTIME'}
[10:17:19.569][MyApi]stop_threads 시작 C0105000000391670423
[10:17:19.747][5]빗썸탈출신청결과(C0105000000391670423) status_code:404 , {'error': {'name': 'order_not_found', 'message': '주문을 찾지 못했습니다.'}}
[10:17:19.751]빗썸 [5][MyApi]쓰레드 종료
[10:17:19.751][5] 666666666666666 [MyApi]stop_threads 종료 C0105000000391670423
[12:29:04.082][6]빗썸1111111111111매수신청 완료(C0105000000391698804), mode:1, result:{'uuid': 'C0105000000391698804', 'side': 'bid', 'ord_type': 'limit', 'price': '32080', 'state': 'wait', 'market': 'KRW-ETC', 'created_at': '2024-11-11T12:29:03+09:00', 'volume': '2.8857', 'remaining_volume': '2.8857', 'reserved_fee': '231.43314', 'remaining_fee': '231.43314', 'paid_fee': '0', 'locked': '92805.68914', 'executed_volume': '0', 'trades_count': 0}
[12:29:04.171][6][bit](BID) 주문상태:wait, {'type': 'myOrder', 'code': 'KRW-ETC', 'uuid': 'C0105000000391698804', 'ask_bid': 'BID', 'order_type': 'limit', 'state': 'wait', 'trade_uuid': None, 'price': 32080, 'volume': 2.8857, 'remaining_volume': 2.8857, 'executed_volume': 0, 'trades_count': 0, 'reserved_fee': 231.43314, 'remaining_fee': 231.43314, 'paid_fee': 0, 'executed_funds': 0, 'trade_timestamp': None, 'order_timestamp': 1731295743987, 'timestamp': 1731295744158, 'stream_type': 'REALTIME'}
[12:29:04.172][6]bit22222222222222222 매수대기 (C0105000000391698804),{'type': 'myOrder', 'code': 'KRW-ETC', 'uuid': 'C0105000000391698804', 'ask_bid': 'BID', 'order_type': 'limit', 'state': 'wait', 'trade_uuid': None, 'price': 32080, 'volume': 2.8857, 'remaining_volume': 2.8857, 'executed_volume': 0, 'trades_count': 0, 'reserved_fee': 231.43314, 'remaining_fee': 231.43314, 'paid_fee': 0, 'executed_funds': 0, 'trade_timestamp': None, 'order_timestamp': 1731295743987, 'timestamp': 1731295744158, 'stream_type': 'REALTIME'}
[12:29:04.178][6]빗썸탈출신청(C0105000000391698804) mode:1, 빗썸매수3까지 내려옴. 매수금액(32080.0), 매수2(32090.0)
[12:29:04.462][6]빗썸탈출신청결과(C0105000000391698804) status_code:200 , {'uuid': 'C0105000000391698804', 'side': 'bid', 'ord_type': 'limit', 'price': '32080', 'state': 'wait', 'market': 'KRW-ETC', 'created_at': '2024-11-11T12:29:03+09:00', 'volume': '2.8857', 'remaining_volume': '2.8857', 'reserved_fee': '231.43314', 'remaining_fee': '231.43314', 'paid_fee': '0', 'locked': '92805.68914', 'executed_volume': '0', 'trades_count': 0}
[12:29:04.513][6][bit](BID) 주문상태:cancel, {'type': 'myOrder', 'code': 'KRW-ETC', 'uuid': 'C0105000000391698804', 'ask_bid': 'BID', 'order_type': 'limit', 'state': 'cancel', 'trade_uuid': None, 'price': 32080, 'volume': 2.8857, 'remaining_volume': 2.8857, 'executed_volume': 0, 'trades_count': 0, 'reserved_fee': 231.43314, 'remaining_fee': 231.43314, 'paid_fee': 0, 'executed_funds': 0, 'trade_timestamp': None, 'order_timestamp': 1731295743987, 'timestamp': 1731295744505, 'stream_type': 'REALTIME'}
[12:29:04.513][6]bit33333333333333333 매수취소(C0105000000391698804), {'type': 'myOrder', 'code': 'KRW-ETC', 'uuid': 'C0105000000391698804', 'ask_bid': 'BID', 'order_type': 'limit', 'state': 'cancel', 'trade_uuid': None, 'price': 32080, 'volume': 2.8857, 'remaining_volume': 2.8857, 'executed_volume': 0, 'trades_count': 0, 'reserved_fee': 231.43314, 'remaining_fee': 231.43314, 'paid_fee': 0, 'executed_funds': 0, 'trade_timestamp': None, 'order_timestamp': 1731295743987, 'timestamp': 1731295744505, 'stream_type': 'REALTIME'}
[12:29:04.513][6]bit 4444444444444 쓰레드 정리 isclear isClear(C0105000000391698804), 남은양:2.8857, {'type': 'myOrder', 'code': 'KRW-ETC', 'uuid': 'C0105000000391698804', 'ask_bid': 'BID', 'order_type': 'limit', 'state': 'cancel', 'trade_uuid': None, 'price': 32080, 'volume': 2.8857, 'remaining_volume': 2.8857, 'executed_volume': 0, 'trades_count': 0, 'reserved_fee': 231.43314, 'remaining_fee': 231.43314, 'paid_fee': 0, 'executed_funds': 0, 'trade_timestamp': None, 'order_timestamp': 1731295743987, 'timestamp': 1731295744505, 'stream_type': 'REALTIME'}
[12:29:04.514][MyApi]stop_threads 시작 C0105000000391698804
[12:29:04.517]빗썸 [6][MyApi]쓰레드 종료
[12:29:04.517][6] 666666666666666 [MyApi]stop_threads 종료 C0105000000391698804
[12:31:04.015][7]빗썸1111111111111매수신청 완료(C0105000000391699681), mode:1, result:{'uuid': 'C0105000000391699681', 'side': 'bid', 'ord_type': 'limit', 'price': '32420', 'state': 'wait', 'market': 'KRW-ETC', 'created_at': '2024-11-11T12:31:03+09:00', 'volume': '25', 'remaining_volume': '25', 'reserved_fee': '2026.25', 'remaining_fee': '2026.25', 'paid_fee': '0', 'locked': '812527.25', 'executed_volume': '0', 'trades_count': 0}
[12:31:04.072][7][bit](BID) 주문상태:wait, {'type': 'myOrder', 'code': 'KRW-ETC', 'uuid': 'C0105000000391699681', 'ask_bid': 'BID', 'order_type': 'limit', 'state': 'wait', 'trade_uuid': None, 'price': 32420, 'volume': 25, 'remaining_volume': 25, 'executed_volume': 0, 'trades_count': 0, 'reserved_fee': 2026.25, 'remaining_fee': 2026.25, 'paid_fee': 0, 'executed_funds': 0, 'trade_timestamp': None, 'order_timestamp': 1731295863921, 'timestamp': 1731295864057, 'stream_type': 'REALTIME'}
[12:31:04.073][7]bit22222222222222222 매수대기 (C0105000000391699681),{'type': 'myOrder', 'code': 'KRW-ETC', 'uuid': 'C0105000000391699681', 'ask_bid': 'BID', 'order_type': 'limit', 'state': 'wait', 'trade_uuid': None, 'price': 32420, 'volume': 25, 'remaining_volume': 25, 'executed_volume': 0, 'trades_count': 0, 'reserved_fee': 2026.25, 'remaining_fee': 2026.25, 'paid_fee': 0, 'executed_funds': 0, 'trade_timestamp': None, 'order_timestamp': 1731295863921, 'timestamp': 1731295864057, 'stream_type': 'REALTIME'}
[12:31:04.135][7]빗썸탈출신청(C0105000000391699681) mode:1, 빗썸매수3까지 내려옴. 매수금액(32420.0), 매수2(32430.0)
[12:31:04.423][7]빗썸탈출신청결과(C0105000000391699681) status_code:200 , {'uuid': 'C0105000000391699681', 'side': 'bid', 'ord_type': 'limit', 'price': '32420', 'state': 'wait', 'market': 'KRW-ETC', 'created_at': '2024-11-11T12:31:03+09:00', 'volume': '25', 'remaining_volume': '25', 'reserved_fee': '2026.25', 'remaining_fee': '2026.25', 'paid_fee': '0', 'locked': '812527.25', 'executed_volume': '0', 'trades_count': 0}
[12:31:04.449][7]빗썸탈출신청(C0105000000391699681) mode:1, 빗썸매수3까지 내려옴. 매수금액(32420.0), 매수2(32430.0)
[12:31:04.510][7][bit](BID) 주문상태:cancel, {'type': 'myOrder', 'code': 'KRW-ETC', 'uuid': 'C0105000000391699681', 'ask_bid': 'BID', 'order_type': 'limit', 'state': 'cancel', 'trade_uuid': None, 'price': 32420, 'volume': 25, 'remaining_volume': 25, 'executed_volume': 0, 'trades_count': 0, 'reserved_fee': 2026.25, 'remaining_fee': 2026.25, 'paid_fee': 0, 'executed_funds': 0, 'trade_timestamp': None, 'order_timestamp': 1731295863921, 'timestamp': 1731295864502, 'stream_type': 'REALTIME'}
[12:31:04.510][7]bit33333333333333333 매수취소(C0105000000391699681), {'type': 'myOrder', 'code': 'KRW-ETC', 'uuid': 'C0105000000391699681', 'ask_bid': 'BID', 'order_type': 'limit', 'state': 'cancel', 'trade_uuid': None, 'price': 32420, 'volume': 25, 'remaining_volume': 25, 'executed_volume': 0, 'trades_count': 0, 'reserved_fee': 2026.25, 'remaining_fee': 2026.25, 'paid_fee': 0, 'executed_funds': 0, 'trade_timestamp': None, 'order_timestamp': 1731295863921, 'timestamp': 1731295864502, 'stream_type': 'REALTIME'}
[12:31:04.510][7]bit 4444444444444 쓰레드 정리 isclear isClear(C0105000000391699681), 남은양:25.0, {'type': 'myOrder', 'code': 'KRW-ETC', 'uuid': 'C0105000000391699681', 'ask_bid': 'BID', 'order_type': 'limit', 'state': 'cancel', 'trade_uuid': None, 'price': 32420, 'volume': 25, 'remaining_volume': 25, 'executed_volume': 0, 'trades_count': 0, 'reserved_fee': 2026.25, 'remaining_fee': 2026.25, 'paid_fee': 0, 'executed_funds': 0, 'trade_timestamp': None, 'order_timestamp': 1731295863921, 'timestamp': 1731295864502, 'stream_type': 'REALTIME'}
[12:31:04.511][MyApi]stop_threads 시작 C0105000000391699681
[12:31:04.637][7]빗썸탈출신청결과(C0105000000391699681) status_code:404 , {'error': {'name': 'order_not_found', 'message': '주문을 찾지 못했습니다.'}}
[12:31:04.640]빗썸 [7][MyApi]쓰레드 종료
[12:31:04.640][7] 666666666666666 [MyApi]stop_threads 종료 C0105000000391699681
[12:31:12.840][8]빗썸1111111111111매수신청 완료(C0105000000391699888), mode:1, result:{'uuid': 'C0105000000391699888', 'side': 'bid', 'ord_type': 'limit', 'price': '32490', 'state': 'wait', 'market': 'KRW-ETC', 'created_at': '2024-11-11T12:31:12+09:00', 'volume': '25', 'remaining_volume': '25', 'reserved_fee': '2030.625', 'remaining_fee': '2030.625', 'paid_fee': '0', 'locked': '814281.625', 'executed_volume': '0', 'trades_count': 0}
[12:31:12.914][8][bit](BID) 주문상태:wait, {'type': 'myOrder', 'code': 'KRW-ETC', 'uuid': 'C0105000000391699888', 'ask_bid': 'BID', 'order_type': 'limit', 'state': 'wait', 'trade_uuid': None, 'price': 32490, 'volume': 25, 'remaining_volume': 25, 'executed_volume': 0, 'trades_count': 0, 'reserved_fee': 2030.625, 'remaining_fee': 2030.625, 'paid_fee': 0, 'executed_funds': 0, 'trade_timestamp': None, 'order_timestamp': 1731295872756, 'timestamp': 1731295872907, 'stream_type': 'REALTIME'}
[12:31:12.916][8]bit22222222222222222 매수대기 (C0105000000391699888),{'type': 'myOrder', 'code': 'KRW-ETC', 'uuid': 'C0105000000391699888', 'ask_bid': 'BID', 'order_type': 'limit', 'state': 'wait', 'trade_uuid': None, 'price': 32490, 'volume': 25, 'remaining_volume': 25, 'executed_volume': 0, 'trades_count': 0, 'reserved_fee': 2030.625, 'remaining_fee': 2030.625, 'paid_fee': 0, 'executed_funds': 0, 'trade_timestamp': None, 'order_timestamp': 1731295872756, 'timestamp': 1731295872907, 'stream_type': 'REALTIME'}
[12:31:13.049][8]빗썸탈출신청(C0105000000391699888) mode:1, 차익 부족20.0(22.743)
[12:31:13.322][8]빗썸탈출신청결과(C0105000000391699888) status_code:200 , {'uuid': 'C0105000000391699888', 'side': 'bid', 'ord_type': 'limit', 'price': '32490', 'state': 'wait', 'market': 'KRW-ETC', 'created_at': '2024-11-11T12:31:12+09:00', 'volume': '25', 'remaining_volume': '25', 'reserved_fee': '2030.625', 'remaining_fee': '2030.625', 'paid_fee': '0', 'locked': '814281.625', 'executed_volume': '0', 'trades_count': 0}
[12:31:13.363][8][bit](BID) 주문상태:cancel, {'type': 'myOrder', 'code': 'KRW-ETC', 'uuid': 'C0105000000391699888', 'ask_bid': 'BID', 'order_type': 'limit', 'state': 'cancel', 'trade_uuid': None, 'price': 32490, 'volume': 25, 'remaining_volume': 25, 'executed_volume': 0, 'trades_count': 0, 'reserved_fee': 2030.625, 'remaining_fee': 2030.625, 'paid_fee': 0, 'executed_funds': 0, 'trade_timestamp': None, 'order_timestamp': 1731295872756, 'timestamp': 1731295873357, 'stream_type': 'REALTIME'}
[12:31:13.364][8]bit33333333333333333 매수취소(C0105000000391699888), {'type': 'myOrder', 'code': 'KRW-ETC', 'uuid': 'C0105000000391699888', 'ask_bid': 'BID', 'order_type': 'limit', 'state': 'cancel', 'trade_uuid': None, 'price': 32490, 'volume': 25, 'remaining_volume': 25, 'executed_volume': 0, 'trades_count': 0, 'reserved_fee': 2030.625, 'remaining_fee': 2030.625, 'paid_fee': 0, 'executed_funds': 0, 'trade_timestamp': None, 'order_timestamp': 1731295872756, 'timestamp': 1731295873357, 'stream_type': 'REALTIME'}
[12:31:13.364][8]bit 4444444444444 쓰레드 정리 isclear isClear(C0105000000391699888), 남은양:25.0, {'type': 'myOrder', 'code': 'KRW-ETC', 'uuid': 'C0105000000391699888', 'ask_bid': 'BID', 'order_type': 'limit', 'state': 'cancel', 'trade_uuid': None, 'price': 32490, 'volume': 25, 'remaining_volume': 25, 'executed_volume': 0, 'trades_count': 0, 'reserved_fee': 2030.625, 'remaining_fee': 2030.625, 'paid_fee': 0, 'executed_funds': 0, 'trade_timestamp': None, 'order_timestamp': 1731295872756, 'timestamp': 1731295873357, 'stream_type': 'REALTIME'}
[12:31:13.365][MyApi]stop_threads 시작 C0105000000391699888
[12:31:13.367]빗썸 [8][MyApi]쓰레드 종료
[12:31:13.367][8] 666666666666666 [MyApi]stop_threads 종료 C0105000000391699888
[12:32:34.213][bit]프로그램으로 신청한게 아닌거 같음. 확인 필요.C0105000000391700748, wait, {'type': 'myOrder', 'code': 'KRW-ETC', 'uuid': 'C0105000000391700748', 'ask_bid': 'BID', 'order_type': 'limit', 'state': 'wait', 'trade_uuid': None, 'price': 32590, 'volume': 25, 'remaining_volume': 25, 'executed_volume': 0, 'trades_count': 0, 'reserved_fee': 2036.875, 'remaining_fee': 2036.875, 'paid_fee': 0, 'executed_funds': 0, 'trade_timestamp': None, 'order_timestamp': 1731295954127, 'timestamp': 1731295954207, 'stream_type': 'REALTIME'}
[12:32:34.228][9]빗썸1111111111111매수신청 완료(C0105000000391700748), mode:1, result:{'uuid': 'C0105000000391700748', 'side': 'bid', 'ord_type': 'limit', 'price': '32590', 'state': 'wait', 'market': 'KRW-ETC', 'created_at': '2024-11-11T12:32:34+09:00', 'volume': '25', 'remaining_volume': '25', 'reserved_fee': '2036.875', 'remaining_fee': '2036.875', 'paid_fee': '0', 'locked': '816787.875', 'executed_volume': '0', 'trades_count': 0}
[12:32:35.129][10]빗썸1111111111111매수신청 완료(C0105000000391700760), mode:1, result:{'uuid': 'C0105000000391700760', 'side': 'bid', 'ord_type': 'limit', 'price': '32590', 'state': 'wait', 'market': 'KRW-ETC', 'created_at': '2024-11-11T12:32:35+09:00', 'volume': '25', 'remaining_volume': '25', 'reserved_fee': '2036.875', 'remaining_fee': '2036.875', 'paid_fee': '0', 'locked': '816787.875', 'executed_volume': '0', 'trades_count': 0}
[12:32:35.165][10][bit](BID) 주문상태:wait, {'type': 'myOrder', 'code': 'KRW-ETC', 'uuid': 'C0105000000391700760', 'ask_bid': 'BID', 'order_type': 'limit', 'state': 'wait', 'trade_uuid': None, 'price': 32590, 'volume': 25, 'remaining_volume': 25, 'executed_volume': 0, 'trades_count': 0, 'reserved_fee': 2036.875, 'remaining_fee': 2036.875, 'paid_fee': 0, 'executed_funds': 0, 'trade_timestamp': None, 'order_timestamp': 1731295955046, 'timestamp': 1731295955150, 'stream_type': 'REALTIME'}
[12:32:35.174][10]bit22222222222222222 매수대기 (C0105000000391700760),{'type': 'myOrder', 'code': 'KRW-ETC', 'uuid': 'C0105000000391700760', 'ask_bid': 'BID', 'order_type': 'limit', 'state': 'wait', 'trade_uuid': None, 'price': 32590, 'volume': 25, 'remaining_volume': 25, 'executed_volume': 0, 'trades_count': 0, 'reserved_fee': 2036.875, 'remaining_fee': 2036.875, 'paid_fee': 0, 'executed_funds': 0, 'trade_timestamp': None, 'order_timestamp': 1731295955046, 'timestamp': 1731295955150, 'stream_type': 'REALTIME'}
[12:32:35.715][9][bit](BID) 주문상태:done, {'type': 'myOrder', 'code': 'KRW-ETC', 'uuid': 'C0105000000391700748', 'ask_bid': 'BID', 'order_type': 'limit', 'state': 'done', 'trade_uuid': 'C0105000000057330842', 'price': 32590, 'volume': 25, 'remaining_volume': 0, 'executed_volume': 25, 'trades_count': 1, 'reserved_fee': 2036.875, 'remaining_fee': 2036.875, 'paid_fee': 0, 'executed_funds': 814750, 'trade_timestamp': 1731295955530, 'order_timestamp': 1731295954127, 'timestamp': 1731295955707, 'stream_type': 'REALTIME'}
[12:32:35.716][10][bit](BID) 주문상태:done, {'type': 'myOrder', 'code': 'KRW-ETC', 'uuid': 'C0105000000391700760', 'ask_bid': 'BID', 'order_type': 'limit', 'state': 'done', 'trade_uuid': 'C0105000000057330843', 'price': 32590, 'volume': 25, 'remaining_volume': 0, 'executed_volume': 25, 'trades_count': 1, 'reserved_fee': 2036.875, 'remaining_fee': 2036.875, 'paid_fee': 0, 'executed_funds': 814750, 'trade_timestamp': 1731295955530, 'order_timestamp': 1731295955046, 'timestamp': 1731295955708, 'stream_type': 'REALTIME'}
[12:32:35.718][9]bit3333333333333333 매수성공(C0105000000391700748), 체결량:25.0, {'type': 'myOrder', 'code': 'KRW-ETC', 'uuid': 'C0105000000391700748', 'ask_bid': 'BID', 'order_type': 'limit', 'state': 'done', 'trade_uuid': 'C0105000000057330842', 'price': 32590, 'volume': 25, 'remaining_volume': 0, 'executed_volume': 25, 'trades_count': 1, 'reserved_fee': 2036.875, 'remaining_fee': 2036.875, 'paid_fee': 0, 'executed_funds': 814750, 'trade_timestamp': 1731295955530, 'order_timestamp': 1731295954127, 'timestamp': 1731295955707, 'stream_type': 'REALTIME'}
[12:32:35.718][9]SellToMarket(up) 시작 (C0105000000391700748),{'type': 'myOrder', 'code': 'KRW-ETC', 'uuid': 'C0105000000391700748', 'ask_bid': 'BID', 'order_type': 'limit', 'state': 'done', 'trade_uuid': 'C0105000000057330842', 'price': 32590, 'volume': 25, 'remaining_volume': 0, 'executed_volume': 25, 'trades_count': 1, 'reserved_fee': 2036.875, 'remaining_fee': 2036.875, 'paid_fee': 0, 'executed_funds': 814750, 'trade_timestamp': 1731295955530, 'order_timestamp': 1731295954127, 'timestamp': 1731295955707, 'stream_type': 'REALTIME'}
[12:32:35.720][9]up매도직전 
[12:32:35.723][10]bit3333333333333333 매수성공(C0105000000391700760), 체결량:25.0, {'type': 'myOrder', 'code': 'KRW-ETC', 'uuid': 'C0105000000391700760', 'ask_bid': 'BID', 'order_type': 'limit', 'state': 'done', 'trade_uuid': 'C0105000000057330843', 'price': 32590, 'volume': 25, 'remaining_volume': 0, 'executed_volume': 25, 'trades_count': 1, 'reserved_fee': 2036.875, 'remaining_fee': 2036.875, 'paid_fee': 0, 'executed_funds': 814750, 'trade_timestamp': 1731295955530, 'order_timestamp': 1731295955046, 'timestamp': 1731295955708, 'stream_type': 'REALTIME'}
[12:32:35.723][10]SellToMarket(up) 시작 (C0105000000391700760),{'type': 'myOrder', 'code': 'KRW-ETC', 'uuid': 'C0105000000391700760', 'ask_bid': 'BID', 'order_type': 'limit', 'state': 'done', 'trade_uuid': 'C0105000000057330843', 'price': 32590, 'volume': 25, 'remaining_volume': 0, 'executed_volume': 25, 'trades_count': 1, 'reserved_fee': 2036.875, 'remaining_fee': 2036.875, 'paid_fee': 0, 'executed_funds': 814750, 'trade_timestamp': 1731295955530, 'order_timestamp': 1731295955046, 'timestamp': 1731295955708, 'stream_type': 'REALTIME'}
[12:32:35.725][10]up매도직전 
[12:32:35.849][10]빗썸탈출신청(C0105000000391700760) mode:1, 매수하고 남은 양이 너무 적음. 매수되버리면 짜투리 됨 0.0
[12:32:35.849][9]빗썸탈출신청(C0105000000391700748) mode:1, 매수하고 남은 양이 너무 적음. 매수되버리면 짜투리 됨 0.0
[12:32:35.934][10]up매도직후2 result:{'uuid': 'b8ee9d42-ac22-47ab-ba2a-40a6fc18ccd0', 'side': 'ask', 'ord_type': 'market', 'state': 'wait', 'market': 'KRW-ETC', 'created_at': '2024-11-11T12:32:35+09:00', 'volume': '25', 'remaining_volume': '25', 'reserved_fee': '0', 'remaining_fee': '0', 'paid_fee': '0', 'locked': '25', 'executed_volume': '0', 'trades_count': 0} 
[12:32:35.935][10]up 555555555555555 매도신청 완료 (b8ee9d42-ac22-47ab-ba2a-40a6fc18ccd0),{'uuid': 'b8ee9d42-ac22-47ab-ba2a-40a6fc18ccd0', 'side': 'ask', 'ord_type': 'market', 'state': 'wait', 'market': 'KRW-ETC', 'created_at': '2024-11-11T12:32:35+09:00', 'volume': '25', 'remaining_volume': '25', 'reserved_fee': '0', 'remaining_fee': '0', 'paid_fee': '0', 'locked': '25', 'executed_volume': '0', 'trades_count': 0}
[12:32:35.938][10]bit 4444444444444 쓰레드 정리 isclear isClear(C0105000000391700760), 남은양:0.0, {'type': 'myOrder', 'code': 'KRW-ETC', 'uuid': 'C0105000000391700760', 'ask_bid': 'BID', 'order_type': 'limit', 'state': 'done', 'trade_uuid': 'C0105000000057330843', 'price': 32590, 'volume': 25, 'remaining_volume': 0, 'executed_volume': 25, 'trades_count': 1, 'reserved_fee': 2036.875, 'remaining_fee': 2036.875, 'paid_fee': 0, 'executed_funds': 814750, 'trade_timestamp': 1731295955530, 'order_timestamp': 1731295955046, 'timestamp': 1731295955708, 'stream_type': 'REALTIME'}
[12:32:35.941][MyApi]stop_threads 시작 C0105000000391700760
[12:32:35.948][9]up매도직후2 result:{'uuid': 'cc9f9861-a83b-4c2a-97a5-d53c0e618676', 'side': 'ask', 'ord_type': 'market', 'state': 'wait', 'market': 'KRW-ETC', 'created_at': '2024-11-11T12:32:35+09:00', 'volume': '25', 'remaining_volume': '25', 'reserved_fee': '0', 'remaining_fee': '0', 'paid_fee': '0', 'locked': '25', 'executed_volume': '0', 'trades_count': 0} 
[12:32:35.951][9]up 555555555555555 매도신청 완료 (cc9f9861-a83b-4c2a-97a5-d53c0e618676),{'uuid': 'cc9f9861-a83b-4c2a-97a5-d53c0e618676', 'side': 'ask', 'ord_type': 'market', 'state': 'wait', 'market': 'KRW-ETC', 'created_at': '2024-11-11T12:32:35+09:00', 'volume': '25', 'remaining_volume': '25', 'reserved_fee': '0', 'remaining_fee': '0', 'paid_fee': '0', 'locked': '25', 'executed_volume': '0', 'trades_count': 0}
[12:32:35.952][9]bit 4444444444444 쓰레드 정리 isclear isClear(C0105000000391700748), 남은양:0.0, {'type': 'myOrder', 'code': 'KRW-ETC', 'uuid': 'C0105000000391700748', 'ask_bid': 'BID', 'order_type': 'limit', 'state': 'done', 'trade_uuid': 'C0105000000057330842', 'price': 32590, 'volume': 25, 'remaining_volume': 0, 'executed_volume': 25, 'trades_count': 1, 'reserved_fee': 2036.875, 'remaining_fee': 2036.875, 'paid_fee': 0, 'executed_funds': 814750, 'trade_timestamp': 1731295955530, 'order_timestamp': 1731295954127, 'timestamp': 1731295955707, 'stream_type': 'REALTIME'}
[12:32:35.953][MyApi]stop_threads 시작 C0105000000391700748
[12:32:35.967][10][up](ASK) 주문상태:wait, {'type': 'myOrder', 'code': 'KRW-ETC', 'uuid': 'b8ee9d42-ac22-47ab-ba2a-40a6fc18ccd0', 'ask_bid': 'ASK', 'order_type': 'market', 'state': 'wait', 'trade_uuid': None, 'price': None, 'avg_price': 0, 'volume': 25, 'remaining_volume': 25, 'executed_volume': 0, 'trades_count': 0, 'reserved_fee': 0, 'remaining_fee': 0, 'paid_fee': 0, 'locked': 25, 'executed_funds': 0, 'time_in_force': None, 'trade_timestamp': None, 'order_timestamp': 1731295955000, 'timestamp': 1731295955952, 'stream_type': 'REALTIME'}
[12:32:35.969][9][up](ASK) 주문상태:wait, {'type': 'myOrder', 'code': 'KRW-ETC', 'uuid': 'cc9f9861-a83b-4c2a-97a5-d53c0e618676', 'ask_bid': 'ASK', 'order_type': 'market', 'state': 'wait', 'trade_uuid': None, 'price': None, 'avg_price': 0, 'volume': 25, 'remaining_volume': 25, 'executed_volume': 0, 'trades_count': 0, 'reserved_fee': 0, 'remaining_fee': 0, 'paid_fee': 0, 'locked': 25, 'executed_funds': 0, 'time_in_force': None, 'trade_timestamp': None, 'order_timestamp': 1731295955000, 'timestamp': 1731295955960, 'stream_type': 'REALTIME'}
[12:32:35.987][10][up](ASK) 주문상태:trade, {'type': 'myOrder', 'code': 'KRW-ETC', 'uuid': 'b8ee9d42-ac22-47ab-ba2a-40a6fc18ccd0', 'ask_bid': 'ASK', 'order_type': 'market', 'state': 'trade', 'trade_uuid': 'cbd56607-aa95-4874-a76d-73d887368dae', 'price': 32620, 'avg_price': 32603.69, 'volume': 25, 'remaining_volume': 0, 'executed_volume': 25, 'trades_count': 1, 'reserved_fee': 0, 'remaining_fee': 0, 'paid_fee': 407.75, 'locked': 0, 'executed_funds': 815500, 'time_in_force': None, 'trade_timestamp': 1731295955929, 'order_timestamp': 1731295955000, 'timestamp': 1731295955978, 'stream_type': 'REALTIME'}
[12:32:35.987][10]up 77777777777 매도 완료 매수:C0105000000391700760, 매도:(b8ee9d42-ac22-47ab-ba2a-40a6fc18ccd0), {'type': 'myOrder', 'code': 'KRW-ETC', 'uuid': 'b8ee9d42-ac22-47ab-ba2a-40a6fc18ccd0', 'ask_bid': 'ASK', 'order_type': 'market', 'state': 'trade', 'trade_uuid': 'cbd56607-aa95-4874-a76d-73d887368dae', 'price': 32620, 'avg_price': 32603.69, 'volume': 25, 'remaining_volume': 0, 'executed_volume': 25, 'trades_count': 1, 'reserved_fee': 0, 'remaining_fee': 0, 'paid_fee': 407.75, 'locked': 0, 'executed_funds': 815500, 'time_in_force': None, 'trade_timestamp': 1731295955929, 'order_timestamp': 1731295955000, 'timestamp': 1731295955978, 'stream_type': 'REALTIME'}
[12:32:36.016][10][up](ASK) 주문상태:done, {'type': 'myOrder', 'code': 'KRW-ETC', 'uuid': 'b8ee9d42-ac22-47ab-ba2a-40a6fc18ccd0', 'ask_bid': 'ASK', 'order_type': 'market', 'state': 'done', 'trade_uuid': None, 'price': None, 'avg_price': 32603.69, 'volume': 25, 'remaining_volume': 0, 'executed_volume': 25, 'trades_count': 1, 'reserved_fee': 0, 'remaining_fee': 0, 'paid_fee': 407.75, 'locked': 0, 'executed_funds': 815500, 'time_in_force': None, 'trade_timestamp': None, 'order_timestamp': 1731295955000, 'timestamp': 1731295955979, 'stream_type': 'REALTIME'}[12:32:36.016]myOrder error:b8ee9d42-ac22-47ab-ba2a-40a6fc18ccd0, {'type': 'myOrder', 'code': 'KRW-ETC', 'uuid': 'b8ee9d42-ac22-47ab-ba2a-40a6fc18ccd0', 'ask_bid': 'ASK', 'order_type': 'market', 'state': 'trade', 'trade_uuid': 'cbd56607-aa95-4874-a76d-73d887368dae', 'price': 32620, 'avg_price': 32603.69, 'volume': 25, 'remaining_volume': 0, 'executed_volume': 25, 'trades_count': 1, 'reserved_fee': 0, 'remaining_fee': 0, 'paid_fee': 407.75, 'locked': 0, 'executed_funds': 815500, 'time_in_force': None, 'trade_timestamp': 1731295955929, 'order_timestamp': 1731295955000, 'timestamp': 1731295955978, 'stream_type': 'REALTIME'}, e:Type(<class 'UnboundLocalError'>), Message(No message)

[12:32:36.029][9][up](ASK) 주문상태:trade, {'type': 'myOrder', 'code': 'KRW-ETC', 'uuid': 'cc9f9861-a83b-4c2a-97a5-d53c0e618676', 'ask_bid': 'ASK', 'order_type': 'market', 'state': 'trade', 'trade_uuid': '1d0e07e0-ecd9-4c10-87c3-4627b9d36490', 'price': 32620, 'avg_price': 32603.69, 'volume': 25, 'remaining_volume': 0, 'executed_volume': 25, 'trades_count': 1, 'reserved_fee': 0, 'remaining_fee': 0, 'paid_fee': 407.75, 'locked': 0, 'executed_funds': 815500, 'time_in_force': None, 'trade_timestamp': 1731295955940, 'order_timestamp': 1731295955000, 'timestamp': 1731295956019, 'stream_type': 'REALTIME'}
[12:32:36.029][9]up 77777777777 매도 완료 매수:C0105000000391700748, 매도:(cc9f9861-a83b-4c2a-97a5-d53c0e618676), {'type': 'myOrder', 'code': 'KRW-ETC', 'uuid': 'cc9f9861-a83b-4c2a-97a5-d53c0e618676', 'ask_bid': 'ASK', 'order_type': 'market', 'state': 'trade', 'trade_uuid': '1d0e07e0-ecd9-4c10-87c3-4627b9d36490', 'price': 32620, 'avg_price': 32603.69, 'volume': 25, 'remaining_volume': 0, 'executed_volume': 25, 'trades_count': 1, 'reserved_fee': 0, 'remaining_fee': 0, 'paid_fee': 407.75, 'locked': 0, 'executed_funds': 815500, 'time_in_force': None, 'trade_timestamp': 1731295955940, 'order_timestamp': 1731295955000, 'timestamp': 1731295956019, 'stream_type': 'REALTIME'}
[12:32:36.034][11]빗썸1111111111111매수신청 완료(C0105000000391700794), mode:1, result:{'uuid': 'C0105000000391700794', 'side': 'bid', 'ord_type': 'limit', 'price': '32570', 'state': 'wait', 'market': 'KRW-ETC', 'created_at': '2024-11-11T12:32:35+09:00', 'volume': '14.69', 'remaining_volume': '14.69', 'reserved_fee': '1196.13325', 'remaining_fee': '1196.13325', 'paid_fee': '0', 'locked': '479650.43325', 'executed_volume': '0', 'trades_count': 0}
[12:32:36.036][up]프로그램으로 신청한게 아닌거 같음. 확인 필요.cc9f9861-a83b-4c2a-97a5-d53c0e618676, done, {'type': 'myOrder', 'code': 'KRW-ETC', 'uuid': 'cc9f9861-a83b-4c2a-97a5-d53c0e618676', 'ask_bid': 'ASK', 'order_type': 'market', 'state': 'done', 'trade_uuid': None, 'price': None, 'avg_price': 32603.69, 'volume': 25, 'remaining_volume': 0, 'executed_volume': 25, 'trades_count': 1, 'reserved_fee': 0, 'remaining_fee': 0, 'paid_fee': 407.75, 'locked': 0, 'executed_funds': 815500, 'time_in_force': None, 'trade_timestamp': None, 'order_timestamp': 1731295955000, 'timestamp': 1731295956021, 'stream_type': 'REALTIME'}
[12:32:36.073][10]빗썸탈출신청결과(C0105000000391700760) status_code:404 , {'error': {'name': 'order_not_found', 'message': '주문을 찾지 못했습니다.'}}
[12:32:36.081]빗썸 [10][MyApi]쓰레드 종료
[12:32:36.082][10] 666666666666666 [MyApi]stop_threads 종료 C0105000000391700760
[12:32:36.081][9]빗썸탈출신청결과(C0105000000391700748) status_code:404 , {'error': {'name': 'order_not_found', 'message': '주문을 찾지 못했습니다.'}}
[12:32:36.087]빗썸 [9][MyApi]쓰레드 종료
[12:32:36.087][9] 666666666666666 [MyApi]stop_threads 종료 C0105000000391700748
[12:32:36.113][11][bit](BID) 주문상태:wait, {'type': 'myOrder', 'code': 'KRW-ETC', 'uuid': 'C0105000000391700794', 'ask_bid': 'BID', 'order_type': 'limit', 'state': 'wait', 'trade_uuid': None, 'price': 32570, 'volume': 14.69, 'remaining_volume': 14.69, 'executed_volume': 0, 'trades_count': 0, 'reserved_fee': 1196.13325, 'remaining_fee': 1196.13325, 'paid_fee': 0, 'executed_funds': 0, 'trade_timestamp': None, 'order_timestamp': 1731295955933, 'timestamp': 1731295956106, 'stream_type': 'REALTIME'}
[12:32:36.115][11]bit22222222222222222 매수대기 (C0105000000391700794),{'type': 'myOrder', 'code': 'KRW-ETC', 'uuid': 'C0105000000391700794', 'ask_bid': 'BID', 'order_type': 'limit', 'state': 'wait', 'trade_uuid': None, 'price': 32570, 'volume': 14.69, 'remaining_volume': 14.69, 'executed_volume': 0, 'trades_count': 0, 'reserved_fee': 1196.13325, 'remaining_fee': 1196.13325, 'paid_fee': 0, 'executed_funds': 0, 'trade_timestamp': None, 'order_timestamp': 1731295955933, 'timestamp': 1731295956106, 'stream_type': 'REALTIME'}
[12:32:36.412][11]빗썸탈출신청(C0105000000391700794) mode:1, 빗썸매수3까지 내려옴. 매수금액(32570.0), 매수2(32580.0)
[12:32:36.658][11][bit](BID) 주문상태:cancel, {'type': 'myOrder', 'code': 'KRW-ETC', 'uuid': 'C0105000000391700794', 'ask_bid': 'BID', 'order_type': 'limit', 'state': 'cancel', 'trade_uuid': None, 'price': 32570, 'volume': 14.69, 'remaining_volume': 14.69, 'executed_volume': 0, 'trades_count': 0, 'reserved_fee': 1196.13325, 'remaining_fee': 1196.13325, 'paid_fee': 0, 'executed_funds': 0, 'trade_timestamp': None, 'order_timestamp': 1731295955933, 'timestamp': 1731295956651, 'stream_type': 'REALTIME'}
[12:32:36.658][11]bit33333333333333333 매수취소(C0105000000391700794), {'type': 'myOrder', 'code': 'KRW-ETC', 'uuid': 'C0105000000391700794', 'ask_bid': 'BID', 'order_type': 'limit', 'state': 'cancel', 'trade_uuid': None, 'price': 32570, 'volume': 14.69, 'remaining_volume': 14.69, 'executed_volume': 0, 'trades_count': 0, 'reserved_fee': 1196.13325, 'remaining_fee': 1196.13325, 'paid_fee': 0, 'executed_funds': 0, 'trade_timestamp': None, 'order_timestamp': 1731295955933, 'timestamp': 1731295956651, 'stream_type': 'REALTIME'}
[12:32:36.658][11]bit 4444444444444 쓰레드 정리 isclear isClear(C0105000000391700794), 남은양:14.69, {'type': 'myOrder', 'code': 'KRW-ETC', 'uuid': 'C0105000000391700794', 'ask_bid': 'BID', 'order_type': 'limit', 'state': 'cancel', 'trade_uuid': None, 'price': 32570, 'volume': 14.69, 'remaining_volume': 14.69, 'executed_volume': 0, 'trades_count': 0, 'reserved_fee': 1196.13325, 'remaining_fee': 1196.13325, 'paid_fee': 0, 'executed_funds': 0, 'trade_timestamp': None, 'order_timestamp': 1731295955933, 'timestamp': 1731295956651, 'stream_type': 'REALTIME'}
[12:32:36.659][MyApi]stop_threads 시작 C0105000000391700794
[12:32:36.696][11]빗썸탈출신청결과(C0105000000391700794) status_code:200 , {'uuid': 'C0105000000391700794', 'side': 'bid', 'ord_type': 'limit', 'price': '32570', 'state': 'wait', 'market': 'KRW-ETC', 'created_at': '2024-11-11T12:32:35+09:00', 'volume': '14.69', 'remaining_volume': '14.69', 'reserved_fee': '1196.13325', 'remaining_fee': '1196.13325', 'paid_fee': '0', 'locked': '479650.43325', 'executed_volume': '0', 'trades_count': 0}
[12:32:36.699]빗썸 [11][MyApi]쓰레드 종료
[12:32:36.699][11] 666666666666666 [MyApi]stop_threads 종료 C0105000000391700794
[12:32:38.372][12]빗썸1111111111111매수신청 완료(C0105000000391700818), mode:1, result:{'uuid': 'C0105000000391700818', 'side': 'bid', 'ord_type': 'limit', 'price': '32580', 'state': 'wait', 'market': 'KRW-ETC', 'created_at': '2024-11-11T12:32:38+09:00', 'volume': '3.06654', 'remaining_volume': '3.06654', 'reserved_fee': '249.769683', 'remaining_fee': '249.769683', 'paid_fee': '0', 'locked': '100158.642883', 'executed_volume': '0', 'trades_count': 0}
[12:32:38.421][12][bit](BID) 주문상태:wait, {'type': 'myOrder', 'code': 'KRW-ETC', 'uuid': 'C0105000000391700818', 'ask_bid': 'BID', 'order_type': 'limit', 'state': 'wait', 'trade_uuid': None, 'price': 32580, 'volume': 3.06654, 'remaining_volume': 3.06654, 'executed_volume': 0, 'trades_count': 0, 'reserved_fee': 249.769683, 'remaining_fee': 249.769683, 'paid_fee': 0, 'executed_funds': 0, 'trade_timestamp': None, 'order_timestamp': 1731295958279, 'timestamp': 1731295958401, 'stream_type': 'REALTIME'}
[12:32:38.436][12]bit22222222222222222 매수대기 (C0105000000391700818),{'type': 'myOrder', 'code': 'KRW-ETC', 'uuid': 'C0105000000391700818', 'ask_bid': 'BID', 'order_type': 'limit', 'state': 'wait', 'trade_uuid': None, 'price': 32580, 'volume': 3.06654, 'remaining_volume': 3.06654, 'executed_volume': 0, 'trades_count': 0, 'reserved_fee': 249.769683, 'remaining_fee': 249.769683, 'paid_fee': 0, 'executed_funds': 0, 'trade_timestamp': None, 'order_timestamp': 1731295958279, 'timestamp': 1731295958401, 'stream_type': 'REALTIME'}
[12:32:38.849][12]빗썸탈출신청(C0105000000391700818) mode:1, 차익 부족20.0(22.806)
[12:32:39.222][12]빗썸탈출신청결과(C0105000000391700818) status_code:200 , {'uuid': 'C0105000000391700818', 'side': 'bid', 'ord_type': 'limit', 'price': '32580', 'state': 'wait', 'market': 'KRW-ETC', 'created_at': '2024-11-11T12:32:38+09:00', 'volume': '3.06654', 'remaining_volume': '3.06654', 'reserved_fee': '249.769683', 'remaining_fee': '249.769683', 'paid_fee': '0', 'locked': '100158.642883', 'executed_volume': '0', 'trades_count': 0}
[12:32:39.266][12][bit](BID) 주문상태:cancel, {'type': 'myOrder', 'code': 'KRW-ETC', 'uuid': 'C0105000000391700818', 'ask_bid': 'BID', 'order_type': 'limit', 'state': 'cancel', 'trade_uuid': None, 'price': 32580, 'volume': 3.06654, 'remaining_volume': 3.06654, 'executed_volume': 0, 'trades_count': 0, 'reserved_fee': 249.769683, 'remaining_fee': 249.769683, 'paid_fee': 0, 'executed_funds': 0, 'trade_timestamp': None, 'order_timestamp': 1731295958279, 'timestamp': 1731295959259, 'stream_type': 'REALTIME'}
[12:32:39.266][12]bit33333333333333333 매수취소(C0105000000391700818), {'type': 'myOrder', 'code': 'KRW-ETC', 'uuid': 'C0105000000391700818', 'ask_bid': 'BID', 'order_type': 'limit', 'state': 'cancel', 'trade_uuid': None, 'price': 32580, 'volume': 3.06654, 'remaining_volume': 3.06654, 'executed_volume': 0, 'trades_count': 0, 'reserved_fee': 249.769683, 'remaining_fee': 249.769683, 'paid_fee': 0, 'executed_funds': 0, 'trade_timestamp': None, 'order_timestamp': 1731295958279, 'timestamp': 1731295959259, 'stream_type': 'REALTIME'}
[12:32:39.266][12]bit 4444444444444 쓰레드 정리 isclear isClear(C0105000000391700818), 남은양:3.06654, {'type': 'myOrder', 'code': 'KRW-ETC', 'uuid': 'C0105000000391700818', 'ask_bid': 'BID', 'order_type': 'limit', 'state': 'cancel', 'trade_uuid': None, 'price': 32580, 'volume': 3.06654, 'remaining_volume': 3.06654, 'executed_volume': 0, 'trades_count': 0, 'reserved_fee': 249.769683, 'remaining_fee': 249.769683, 'paid_fee': 0, 'executed_funds': 0, 'trade_timestamp': None, 'order_timestamp': 1731295958279, 'timestamp': 1731295959259, 'stream_type': 'REALTIME'}
[12:32:39.267][MyApi]stop_threads 시작 C0105000000391700818
[12:32:39.270]빗썸 [12][MyApi]쓰레드 종료
[12:32:39.270][12] 666666666666666 [MyApi]stop_threads 종료 C0105000000391700818
[12:32:48.608][13]업빗1111111111111매수신청 완료(2e03a90e-2792-489e-b8c0-6f9c95450020), mode:1, result:{'uuid': '2e03a90e-2792-489e-b8c0-6f9c95450020', 'side': 'bid', 'ord_type': 'limit', 'price': '32490', 'state': 'wait', 'market': 'KRW-ETC', 'created_at': '2024-11-11T12:32:48+09:00', 'volume': '25', 'remaining_volume': '25', 'reserved_fee': '406.125', 'remaining_fee': '406.125', 'paid_fee': '0', 'locked': '812656.125', 'executed_volume': '0', 'trades_count': 0}
[12:32:48.825][13][up](BID) 주문상태:wait, {'type': 'myOrder', 'code': 'KRW-ETC', 'uuid': '2e03a90e-2792-489e-b8c0-6f9c95450020', 'ask_bid': 'BID', 'order_type': 'limit', 'state': 'wait', 'trade_uuid': None, 'price': 32490, 'avg_price': 0, 'volume': 25, 'remaining_volume': 25, 'executed_volume': 0, 'trades_count': 0, 'reserved_fee': 406.125, 'remaining_fee': 406.125, 'paid_fee': 0, 'locked': 812656.125, 'executed_funds': 0, 'time_in_force': None, 'trade_timestamp': None, 'order_timestamp': 1731295968000, 'timestamp': 1731295968803, 'stream_type': 'REALTIME'}
[12:32:48.829][13]up22222222222222222 매수대기 (2e03a90e-2792-489e-b8c0-6f9c95450020),{'type': 'myOrder', 'code': 'KRW-ETC', 'uuid': '2e03a90e-2792-489e-b8c0-6f9c95450020', 'ask_bid': 'BID', 'order_type': 'limit', 'state': 'wait', 'trade_uuid': None, 'price': 32490, 'avg_price': 0, 'volume': 25, 'remaining_volume': 25, 'executed_volume': 0, 'trades_count': 0, 'reserved_fee': 406.125, 'remaining_fee': 406.125, 'paid_fee': 0, 'locked': 812656.125, 'executed_funds': 0, 'time_in_force': None, 'trade_timestamp': None, 'order_timestamp': 1731295968000, 'timestamp': 1731295968803, 'stream_type': 'REALTIME'}
[12:32:49.461][14]업빗1111111111111매수신청 완료(d65229b2-ffa9-4903-ad31-22cfbd368f81), mode:1, result:{'uuid': 'd65229b2-ffa9-4903-ad31-22cfbd368f81', 'side': 'bid', 'ord_type': 'limit', 'price': '32490', 'state': 'wait', 'market': 'KRW-ETC', 'created_at': '2024-11-11T12:32:49+09:00', 'volume': '25', 'remaining_volume': '25', 'reserved_fee': '406.125', 'remaining_fee': '406.125', 'paid_fee': '0', 'locked': '812656.125', 'executed_volume': '0', 'trades_count': 0}
[12:32:49.497][14][up](BID) 주문상태:wait, {'type': 'myOrder', 'code': 'KRW-ETC', 'uuid': 'd65229b2-ffa9-4903-ad31-22cfbd368f81', 'ask_bid': 'BID', 'order_type': 'limit', 'state': 'wait', 'trade_uuid': None, 'price': 32490, 'avg_price': 0, 'volume': 25, 'remaining_volume': 25, 'executed_volume': 0, 'trades_count': 0, 'reserved_fee': 406.125, 'remaining_fee': 406.125, 'paid_fee': 0, 'locked': 812656.125, 'executed_funds': 0, 'time_in_force': None, 'trade_timestamp': None, 'order_timestamp': 1731295969000, 'timestamp': 1731295969484, 'stream_type': 'REALTIME'}
[12:32:49.499][14]up22222222222222222 매수대기 (d65229b2-ffa9-4903-ad31-22cfbd368f81),{'type': 'myOrder', 'code': 'KRW-ETC', 'uuid': 'd65229b2-ffa9-4903-ad31-22cfbd368f81', 'ask_bid': 'BID', 'order_type': 'limit', 'state': 'wait', 'trade_uuid': None, 'price': 32490, 'avg_price': 0, 'volume': 25, 'remaining_volume': 25, 'executed_volume': 0, 'trades_count': 0, 'reserved_fee': 406.125, 'remaining_fee': 406.125, 'paid_fee': 0, 'locked': 812656.125, 'executed_funds': 0, 'time_in_force': None, 'trade_timestamp': None, 'order_timestamp': 1731295969000, 'timestamp': 1731295969484, 'stream_type': 'REALTIME'}
[12:32:51.472][13]업빗탈출신청(2e03a90e-2792-489e-b8c0-6f9c95450020) mode:1, 최종적으로 수량 부족으로 탈출. 빗썸매수2차익:20.0, BitToUp:22.764, UpToBit:16.245, 남은매수/신청매수:25.0/25.0, buy_amount:0.7166, get_total_units:0, up_buy1_amount:0.7166, up_buy2_amount:90.0
[12:32:51.472][14]업빗탈출신청(d65229b2-ffa9-4903-ad31-22cfbd368f81) mode:1, 최종적으로 수량 부족으로 탈출. 빗썸매수2차익:20.0, BitToUp:22.764, UpToBit:16.245, 남은매수/신청매수:25.0/25.0, buy_amount:-24.2834, get_total_units:25.0, up_buy1_amount:0.7166, up_buy2_amount:90.0
[12:32:51.640][13]업빗탈출신청결과(2e03a90e-2792-489e-b8c0-6f9c95450020) status_code:200 , {'uuid': '2e03a90e-2792-489e-b8c0-6f9c95450020', 'side': 'bid', 'ord_type': 'limit', 'price': '32490', 'state': 'wait', 'market': 'KRW-ETC', 'created_at': '2024-11-11T12:32:48+09:00', 'volume': '25', 'remaining_volume': '25', 'reserved_fee': '406.125', 'remaining_fee': '406.125', 'paid_fee': '0', 'locked': '812656.125', 'executed_volume': '0', 'trades_count': 0}
[12:32:51.650][13]업빗탈출신청(2e03a90e-2792-489e-b8c0-6f9c95450020) mode:1, 최종적으로 수량 부족으로 탈출. 빗썸매수2차익:20.0, BitToUp:22.764, UpToBit:16.245, 남은매수/신청매수:25.0/25.0, buy_amount:0.7166, get_total_units:0, up_buy1_amount:0.7166, up_buy2_amount:90.0
[12:32:51.652][14]업빗탈출신청결과(d65229b2-ffa9-4903-ad31-22cfbd368f81) status_code:200 , {'uuid': 'd65229b2-ffa9-4903-ad31-22cfbd368f81', 'side': 'bid', 'ord_type': 'limit', 'price': '32490', 'state': 'wait', 'market': 'KRW-ETC', 'created_at': '2024-11-11T12:32:49+09:00', 'volume': '25', 'remaining_volume': '25', 'reserved_fee': '406.125', 'remaining_fee': '406.125', 'paid_fee': '0', 'locked': '812656.125', 'executed_volume': '0', 'trades_count': 0}
[12:32:51.718][14][up](BID) 주문상태:cancel, {'type': 'myOrder', 'code': 'KRW-ETC', 'uuid': 'd65229b2-ffa9-4903-ad31-22cfbd368f81', 'ask_bid': 'BID', 'order_type': 'limit', 'state': 'cancel', 'trade_uuid': None, 'price': 32490, 'avg_price': 0, 'volume': 25, 'remaining_volume': 25, 'executed_volume': 0, 'trades_count': 0, 'reserved_fee': 406.125, 'remaining_fee': 406.125, 'paid_fee': 0, 'locked': 812656.125, 'executed_funds': 0, 'time_in_force': None, 'trade_timestamp': None, 'order_timestamp': 1731295969000, 'timestamp': 1731295971709, 'stream_type': 'REALTIME'}
[12:32:51.718][14]up33333333333333333 매수취소(d65229b2-ffa9-4903-ad31-22cfbd368f81), {'type': 'myOrder', 'code': 'KRW-ETC', 'uuid': 'd65229b2-ffa9-4903-ad31-22cfbd368f81', 'ask_bid': 'BID', 'order_type': 'limit', 'state': 'cancel', 'trade_uuid': None, 'price': 32490, 'avg_price': 0, 'volume': 25, 'remaining_volume': 25, 'executed_volume': 0, 'trades_count': 0, 'reserved_fee': 406.125, 'remaining_fee': 406.125, 'paid_fee': 0, 'locked': 812656.125, 'executed_funds': 0, 'time_in_force': None, 'trade_timestamp': None, 'order_timestamp': 1731295969000, 'timestamp': 1731295971709, 'stream_type': 'REALTIME'}
[12:32:51.718][14]up 4444444444444 쓰레드 정리 isclear isClear(d65229b2-ffa9-4903-ad31-22cfbd368f81), 남은양:25.0, {'type': 'myOrder', 'code': 'KRW-ETC', 'uuid': 'd65229b2-ffa9-4903-ad31-22cfbd368f81', 'ask_bid': 'BID', 'order_type': 'limit', 'state': 'cancel', 'trade_uuid': None, 'price': 32490, 'avg_price': 0, 'volume': 25, 'remaining_volume': 25, 'executed_volume': 0, 'trades_count': 0, 'reserved_fee': 406.125, 'remaining_fee': 406.125, 'paid_fee': 0, 'locked': 812656.125, 'executed_funds': 0, 'time_in_force': None, 'trade_timestamp': None, 'order_timestamp': 1731295969000, 'timestamp': 1731295971709, 'stream_type': 'REALTIME'}
[12:32:51.719][MyApi]stop_threads 시작 d65229b2-ffa9-4903-ad31-22cfbd368f81
[12:32:51.724]업빗 [14][MyApi]쓰레드 종료
[12:32:51.725][14] 666666666666666 [MyApi]stop_threads 종료 d65229b2-ffa9-4903-ad31-22cfbd368f81
[12:32:51.727][13][up](BID) 주문상태:cancel, {'type': 'myOrder', 'code': 'KRW-ETC', 'uuid': '2e03a90e-2792-489e-b8c0-6f9c95450020', 'ask_bid': 'BID', 'order_type': 'limit', 'state': 'cancel', 'trade_uuid': None, 'price': 32490, 'avg_price': 0, 'volume': 25, 'remaining_volume': 25, 'executed_volume': 0, 'trades_count': 0, 'reserved_fee': 406.125, 'remaining_fee': 406.125, 'paid_fee': 0, 'locked': 812656.125, 'executed_funds': 0, 'time_in_force': None, 'trade_timestamp': None, 'order_timestamp': 1731295968000, 'timestamp': 1731295971713, 'stream_type': 'REALTIME'}
[12:32:51.728][13]up33333333333333333 매수취소(2e03a90e-2792-489e-b8c0-6f9c95450020), {'type': 'myOrder', 'code': 'KRW-ETC', 'uuid': '2e03a90e-2792-489e-b8c0-6f9c95450020', 'ask_bid': 'BID', 'order_type': 'limit', 'state': 'cancel', 'trade_uuid': None, 'price': 32490, 'avg_price': 0, 'volume': 25, 'remaining_volume': 25, 'executed_volume': 0, 'trades_count': 0, 'reserved_fee': 406.125, 'remaining_fee': 406.125, 'paid_fee': 0, 'locked': 812656.125, 'executed_funds': 0, 'time_in_force': None, 'trade_timestamp': None, 'order_timestamp': 1731295968000, 'timestamp': 1731295971713, 'stream_type': 'REALTIME'}
[12:32:51.728][13]up 4444444444444 쓰레드 정리 isclear isClear(2e03a90e-2792-489e-b8c0-6f9c95450020), 남은양:25.0, {'type': 'myOrder', 'code': 'KRW-ETC', 'uuid': '2e03a90e-2792-489e-b8c0-6f9c95450020', 'ask_bid': 'BID', 'order_type': 'limit', 'state': 'cancel', 'trade_uuid': None, 'price': 32490, 'avg_price': 0, 'volume': 25, 'remaining_volume': 25, 'executed_volume': 0, 'trades_count': 0, 'reserved_fee': 406.125, 'remaining_fee': 406.125, 'paid_fee': 0, 'locked': 812656.125, 'executed_funds': 0, 'time_in_force': None, 'trade_timestamp': None, 'order_timestamp': 1731295968000, 'timestamp': 1731295971713, 'stream_type': 'REALTIME'}
[12:32:51.729][MyApi]stop_threads 시작 2e03a90e-2792-489e-b8c0-6f9c95450020
[12:32:51.758][13]업빗탈출신청결과(2e03a90e-2792-489e-b8c0-6f9c95450020) status_code:400 , {'error': {'name': 'canceled_order', 'message': '이미 취소된 주문입니다.'}}
[12:32:51.766]업빗 [13][MyApi]쓰레드 종료
[12:32:51.766][13] 666666666666666 [MyApi]stop_threads 종료 2e03a90e-2792-489e-b8c0-6f9c95450020
[12:32:52.451][15]업빗1111111111111매수신청 완료(576536ba-a630-4069-9912-eb7b01f125e7), mode:1, result:{'uuid': '576536ba-a630-4069-9912-eb7b01f125e7', 'side': 'bid', 'ord_type': 'limit', 'price': '32480', 'state': 'wait', 'market': 'KRW-ETC', 'created_at': '2024-11-11T12:32:52+09:00', 'volume': '25', 'remaining_volume': '25', 'reserved_fee': '406', 'remaining_fee': '406', 'paid_fee': '0', 'locked': '812406', 'executed_volume': '0', 'trades_count': 0}
[12:32:52.477][15][up](BID) 주문상태:wait, {'type': 'myOrder', 'code': 'KRW-ETC', 'uuid': '576536ba-a630-4069-9912-eb7b01f125e7', 'ask_bid': 'BID', 'order_type': 'limit', 'state': 'wait', 'trade_uuid': None, 'price': 32480, 'avg_price': 0, 'volume': 25, 'remaining_volume': 25, 'executed_volume': 0, 'trades_count': 0, 'reserved_fee': 406, 'remaining_fee': 406, 'paid_fee': 0, 'locked': 812406, 'executed_funds': 0, 'time_in_force': None, 'trade_timestamp': None, 'order_timestamp': 1731295972000, 'timestamp': 1731295972469, 'stream_type': 'REALTIME'}
[12:32:52.479][15]up22222222222222222 매수대기 (576536ba-a630-4069-9912-eb7b01f125e7),{'type': 'myOrder', 'code': 'KRW-ETC', 'uuid': '576536ba-a630-4069-9912-eb7b01f125e7', 'ask_bid': 'BID', 'order_type': 'limit', 'state': 'wait', 'trade_uuid': None, 'price': 32480, 'avg_price': 0, 'volume': 25, 'remaining_volume': 25, 'executed_volume': 0, 'trades_count': 0, 'reserved_fee': 406, 'remaining_fee': 406, 'paid_fee': 0, 'locked': 812406, 'executed_funds': 0, 'time_in_force': None, 'trade_timestamp': None, 'order_timestamp': 1731295972000, 'timestamp': 1731295972469, 'stream_type': 'REALTIME'}
[12:32:52.535][15]업빗탈출신청(576536ba-a630-4069-9912-eb7b01f125e7) mode:1, 차익 부족20.0(16.239)
[12:32:52.649][15]업빗탈출신청결과(576536ba-a630-4069-9912-eb7b01f125e7) status_code:200 , {'uuid': '576536ba-a630-4069-9912-eb7b01f125e7', 'side': 'bid', 'ord_type': 'limit', 'price': '32480', 'state': 'wait', 'market': 'KRW-ETC', 'created_at': '2024-11-11T12:32:52+09:00', 'volume': '25', 'remaining_volume': '25', 'reserved_fee': '406', 'remaining_fee': '406', 'paid_fee': '0', 'locked': '812406', 'executed_volume': '0', 'trades_count': 0}
[12:32:52.707][15][up](BID) 주문상태:cancel, {'type': 'myOrder', 'code': 'KRW-ETC', 'uuid': '576536ba-a630-4069-9912-eb7b01f125e7', 'ask_bid': 'BID', 'order_type': 'limit', 'state': 'cancel', 'trade_uuid': None, 'price': 32480, 'avg_price': 0, 'volume': 25, 'remaining_volume': 25, 'executed_volume': 0, 'trades_count': 0, 'reserved_fee': 406, 'remaining_fee': 406, 'paid_fee': 0, 'locked': 812406, 'executed_funds': 0, 'time_in_force': None, 'trade_timestamp': None, 'order_timestamp': 1731295972000, 'timestamp': 1731295972693, 'stream_type': 'REALTIME'}
[12:32:52.707][15]up33333333333333333 매수취소(576536ba-a630-4069-9912-eb7b01f125e7), {'type': 'myOrder', 'code': 'KRW-ETC', 'uuid': '576536ba-a630-4069-9912-eb7b01f125e7', 'ask_bid': 'BID', 'order_type': 'limit', 'state': 'cancel', 'trade_uuid': None, 'price': 32480, 'avg_price': 0, 'volume': 25, 'remaining_volume': 25, 'executed_volume': 0, 'trades_count': 0, 'reserved_fee': 406, 'remaining_fee': 406, 'paid_fee': 0, 'locked': 812406, 'executed_funds': 0, 'time_in_force': None, 'trade_timestamp': None, 'order_timestamp': 1731295972000, 'timestamp': 1731295972693, 'stream_type': 'REALTIME'}
[12:32:52.707][15]up 4444444444444 쓰레드 정리 isclear isClear(576536ba-a630-4069-9912-eb7b01f125e7), 남은양:25.0, {'type': 'myOrder', 'code': 'KRW-ETC', 'uuid': '576536ba-a630-4069-9912-eb7b01f125e7', 'ask_bid': 'BID', 'order_type': 'limit', 'state': 'cancel', 'trade_uuid': None, 'price': 32480, 'avg_price': 0, 'volume': 25, 'remaining_volume': 25, 'executed_volume': 0, 'trades_count': 0, 'reserved_fee': 406, 'remaining_fee': 406, 'paid_fee': 0, 'locked': 812406, 'executed_funds': 0, 'time_in_force': None, 'trade_timestamp': None, 'order_timestamp': 1731295972000, 'timestamp': 1731295972693, 'stream_type': 'REALTIME'}
[12:32:52.708][MyApi]stop_threads 시작 576536ba-a630-4069-9912-eb7b01f125e7
[12:32:52.713]업빗 [15][MyApi]쓰레드 종료
[12:32:52.713][15] 666666666666666 [MyApi]stop_threads 종료 576536ba-a630-4069-9912-eb7b01f125e7
[12:32:56.423][16]업빗탈출신청(0e7a4584-968a-40d3-a007-c28d0f936dc6) mode:1, 차익 부족20.0(16.239)
[12:32:56.424][16]업빗1111111111111매수신청 완료(0e7a4584-968a-40d3-a007-c28d0f936dc6), mode:1, result:{'uuid': '0e7a4584-968a-40d3-a007-c28d0f936dc6', 'side': 'bid', 'ord_type': 'limit', 'price': '32480', 'state': 'wait', 'market': 'KRW-ETC', 'created_at': '2024-11-11T12:32:56+09:00', 'volume': '25', 'remaining_volume': '25', 'reserved_fee': '406', 'remaining_fee': '406', 'paid_fee': '0', 'locked': '812406', 'executed_volume': '0', 'trades_count': 0}
[12:32:56.457][16][up](BID) 주문상태:wait, {'type': 'myOrder', 'code': 'KRW-ETC', 'uuid': '0e7a4584-968a-40d3-a007-c28d0f936dc6', 'ask_bid': 'BID', 'order_type': 'limit', 'state': 'wait', 'trade_uuid': None, 'price': 32480, 'avg_price': 0, 'volume': 25, 'remaining_volume': 25, 'executed_volume': 0, 'trades_count': 0, 'reserved_fee': 406, 'remaining_fee': 406, 'paid_fee': 0, 'locked': 812406, 'executed_funds': 0, 'time_in_force': None, 'trade_timestamp': None, 'order_timestamp': 1731295976000, 'timestamp': 1731295976447, 'stream_type': 'REALTIME'}
[12:32:56.458][16]up22222222222222222 매수대기 (0e7a4584-968a-40d3-a007-c28d0f936dc6),{'type': 'myOrder', 'code': 'KRW-ETC', 'uuid': '0e7a4584-968a-40d3-a007-c28d0f936dc6', 'ask_bid': 'BID', 'order_type': 'limit', 'state': 'wait', 'trade_uuid': None, 'price': 32480, 'avg_price': 0, 'volume': 25, 'remaining_volume': 25, 'executed_volume': 0, 'trades_count': 0, 'reserved_fee': 406, 'remaining_fee': 406, 'paid_fee': 0, 'locked': 812406, 'executed_funds': 0, 'time_in_force': None, 'trade_timestamp': None, 'order_timestamp': 1731295976000, 'timestamp': 1731295976447, 'stream_type': 'REALTIME'}
[12:32:56.538][16]업빗탈출신청결과(0e7a4584-968a-40d3-a007-c28d0f936dc6) status_code:200 , {'uuid': '0e7a4584-968a-40d3-a007-c28d0f936dc6', 'side': 'bid', 'ord_type': 'limit', 'price': '32480', 'state': 'wait', 'market': 'KRW-ETC', 'created_at': '2024-11-11T12:32:56+09:00', 'volume': '25', 'remaining_volume': '25', 'reserved_fee': '406', 'remaining_fee': '406', 'paid_fee': '0', 'locked': '812406', 'executed_volume': '0', 'trades_count': 0}
[12:32:56.549][16]업빗탈출신청(0e7a4584-968a-40d3-a007-c28d0f936dc6) mode:1, 차익 부족20.0(16.239)
[12:32:56.597][16][up](BID) 주문상태:cancel, {'type': 'myOrder', 'code': 'KRW-ETC', 'uuid': '0e7a4584-968a-40d3-a007-c28d0f936dc6', 'ask_bid': 'BID', 'order_type': 'limit', 'state': 'cancel', 'trade_uuid': None, 'price': 32480, 'avg_price': 0, 'volume': 25, 'remaining_volume': 25, 'executed_volume': 0, 'trades_count': 0, 'reserved_fee': 406, 'remaining_fee': 406, 'paid_fee': 0, 'locked': 812406, 'executed_funds': 0, 'time_in_force': None, 'trade_timestamp': None, 'order_timestamp': 1731295976000, 'timestamp': 1731295976589, 'stream_type': 'REALTIME'}
[12:32:56.597][16]up33333333333333333 매수취소(0e7a4584-968a-40d3-a007-c28d0f936dc6), {'type': 'myOrder', 'code': 'KRW-ETC', 'uuid': '0e7a4584-968a-40d3-a007-c28d0f936dc6', 'ask_bid': 'BID', 'order_type': 'limit', 'state': 'cancel', 'trade_uuid': None, 'price': 32480, 'avg_price': 0, 'volume': 25, 'remaining_volume': 25, 'executed_volume': 0, 'trades_count': 0, 'reserved_fee': 406, 'remaining_fee': 406, 'paid_fee': 0, 'locked': 812406, 'executed_funds': 0, 'time_in_force': None, 'trade_timestamp': None, 'order_timestamp': 1731295976000, 'timestamp': 1731295976589, 'stream_type': 'REALTIME'}
[12:32:56.597][16]up 4444444444444 쓰레드 정리 isclear isClear(0e7a4584-968a-40d3-a007-c28d0f936dc6), 남은양:25.0, {'type': 'myOrder', 'code': 'KRW-ETC', 'uuid': '0e7a4584-968a-40d3-a007-c28d0f936dc6', 'ask_bid': 'BID', 'order_type': 'limit', 'state': 'cancel', 'trade_uuid': None, 'price': 32480, 'avg_price': 0, 'volume': 25, 'remaining_volume': 25, 'executed_volume': 0, 'trades_count': 0, 'reserved_fee': 406, 'remaining_fee': 406, 'paid_fee': 0, 'locked': 812406, 'executed_funds': 0, 'time_in_force': None, 'trade_timestamp': None, 'order_timestamp': 1731295976000, 'timestamp': 1731295976589, 'stream_type': 'REALTIME'}
[12:32:56.599][MyApi]stop_threads 시작 0e7a4584-968a-40d3-a007-c28d0f936dc6
[12:32:56.660][16]업빗탈출신청결과(0e7a4584-968a-40d3-a007-c28d0f936dc6) status_code:400 , {'error': {'name': 'canceled_order', 'message': '이미 취소된 주문입니다.'}}
[12:32:56.664]업빗 [16][MyApi]쓰레드 종료
[12:32:56.664][16] 666666666666666 [MyApi]stop_threads 종료 0e7a4584-968a-40d3-a007-c28d0f936dc6
[12:33:00.248][17]업빗1111111111111매수신청 완료(6bdd1e9b-da0f-405b-95d3-d04a02a4c58e), mode:1, result:{'uuid': '6bdd1e9b-da0f-405b-95d3-d04a02a4c58e', 'side': 'bid', 'ord_type': 'limit', 'price': '32450', 'state': 'wait', 'market': 'KRW-ETC', 'created_at': '2024-11-11T12:33:00+09:00', 'volume': '25', 'remaining_volume': '25', 'reserved_fee': '405.625', 'remaining_fee': '405.625', 'paid_fee': '0', 'locked': '811655.625', 'executed_volume': '0', 'trades_count': 0}
[12:33:00.267][17][up](BID) 주문상태:wait, {'type': 'myOrder', 'code': 'KRW-ETC', 'uuid': '6bdd1e9b-da0f-405b-95d3-d04a02a4c58e', 'ask_bid': 'BID', 'order_type': 'limit', 'state': 'wait', 'trade_uuid': None, 'price': 32450, 'avg_price': 0, 'volume': 25, 'remaining_volume': 25, 'executed_volume': 0, 'trades_count': 0, 'reserved_fee': 405.625, 'remaining_fee': 405.625, 'paid_fee': 0, 'locked': 811655.625, 'executed_funds': 0, 'time_in_force': None, 'trade_timestamp': None, 'order_timestamp': 1731295980000, 'timestamp': 1731295980254, 'stream_type': 'REALTIME'}
[12:33:00.268][17]up22222222222222222 매수대기 (6bdd1e9b-da0f-405b-95d3-d04a02a4c58e),{'type': 'myOrder', 'code': 'KRW-ETC', 'uuid': '6bdd1e9b-da0f-405b-95d3-d04a02a4c58e', 'ask_bid': 'BID', 'order_type': 'limit', 'state': 'wait', 'trade_uuid': None, 'price': 32450, 'avg_price': 0, 'volume': 25, 'remaining_volume': 25, 'executed_volume': 0, 'trades_count': 0, 'reserved_fee': 405.625, 'remaining_fee': 405.625, 'paid_fee': 0, 'locked': 811655.625, 'executed_funds': 0, 'time_in_force': None, 'trade_timestamp': None, 'order_timestamp': 1731295980000, 'timestamp': 1731295980254, 'stream_type': 'REALTIME'}
[12:33:01.408][17][up](BID) 주문상태:trade, {'type': 'myOrder', 'code': 'KRW-ETC', 'uuid': '6bdd1e9b-da0f-405b-95d3-d04a02a4c58e', 'ask_bid': 'BID', 'order_type': 'limit', 'state': 'trade', 'trade_uuid': 'a7961da8-32fd-4827-8441-165ea8e4e7d2', 'price': 32450, 'avg_price': 32466.225, 'volume': 11.42953487, 'remaining_volume': 13.57046513, 'executed_volume': 11.42953487, 'trades_count': 1, 'reserved_fee': 405.625, 'remaining_fee': 220.18079673425, 'paid_fee': 185.44420326575, 'locked': 440581.77426523424, 'executed_funds': 370888.4065315, 'time_in_force': None, 'trade_timestamp': 1731295981319, 'order_timestamp': 1731295980000, 'timestamp': 1731295981390, 'stream_type': 'REALTIME'}
[12:33:01.410][17]up33333333333333333 매수 부분매수(6bdd1e9b-da0f-405b-95d3-d04a02a4c58e), {'type': 'myOrder', 'code': 'KRW-ETC', 'uuid': '6bdd1e9b-da0f-405b-95d3-d04a02a4c58e', 'ask_bid': 'BID', 'order_type': 'limit', 'state': 'trade', 'trade_uuid': 'a7961da8-32fd-4827-8441-165ea8e4e7d2', 'price': 32450, 'avg_price': 32466.225, 'volume': 11.42953487, 'remaining_volume': 13.57046513, 'executed_volume': 11.42953487, 'trades_count': 1, 'reserved_fee': 405.625, 'remaining_fee': 220.18079673425, 'paid_fee': 185.44420326575, 'locked': 440581.77426523424, 'executed_funds': 370888.4065315, 'time_in_force': None, 'trade_timestamp': 1731295981319, 'order_timestamp': 1731295980000, 'timestamp': 1731295981390, 'stream_type': 'REALTIME'}
[12:33:01.411][17]SellToMarket(bit) 시작 (6bdd1e9b-da0f-405b-95d3-d04a02a4c58e),{'type': 'myOrder', 'code': 'KRW-ETC', 'uuid': '6bdd1e9b-da0f-405b-95d3-d04a02a4c58e', 'ask_bid': 'BID', 'order_type': 'limit', 'state': 'trade', 'trade_uuid': 'a7961da8-32fd-4827-8441-165ea8e4e7d2', 'price': 32450, 'avg_price': 32466.225, 'volume': 11.42953487, 'remaining_volume': 13.57046513, 'executed_volume': 11.42953487, 'trades_count': 1, 'reserved_fee': 405.625, 'remaining_fee': 220.18079673425, 'paid_fee': 185.44420326575, 'locked': 440581.77426523424, 'executed_funds': 370888.4065315, 'time_in_force': None, 'trade_timestamp': 1731295981319, 'order_timestamp': 1731295980000, 'timestamp': 1731295981390, 'stream_type': 'REALTIME'}
[12:33:01.412][17]bit매도직전 
[12:33:01.755][17]bit매도직후2 result:{'uuid': 'C0105000000391701043', 'side': 'ask', 'ord_type': 'market', 'state': 'wait', 'market': 'KRW-ETC', 'created_at': '2024-11-11T12:33:01+09:00', 'volume': '11.42953487', 'remaining_volume': '11.42953487', 'reserved_fee': '0', 'remaining_fee': '0', 'paid_fee': '0', 'locked': '11.42953487', 'executed_volume': '0', 'trades_count': 0} 
[12:33:01.755][17]bit 555555555555555 매도신청 완료 (C0105000000391701043),{'uuid': 'C0105000000391701043', 'side': 'ask', 'ord_type': 'market', 'state': 'wait', 'market': 'KRW-ETC', 'created_at': '2024-11-11T12:33:01+09:00', 'volume': '11.42953487', 'remaining_volume': '11.42953487', 'reserved_fee': '0', 'remaining_fee': '0', 'paid_fee': '0', 'locked': '11.42953487', 'executed_volume': '0', 'trades_count': 0}
[12:33:01.813][17][bit](ASK) 주문상태:done, {'type': 'myOrder', 'code': 'KRW-ETC', 'uuid': 'C0105000000391701043', 'ask_bid': 'ASK', 'order_type': 'market', 'state': 'done', 'trade_uuid': 'C0105000000057330886', 'price': 32480, 'volume': 11.42953487, 'remaining_volume': 0, 'executed_volume': 11.42953487, 'trades_count': 2, 'reserved_fee': 0, 'remaining_fee': 0, 'paid_fee': 0, 'executed_funds': 371231.2925776, 'trade_timestamp': 1731295981670, 'order_timestamp': 1731295981659, 'timestamp': 1731295981804, 'stream_type': 'REALTIME'}
[12:33:01.813][17]bit 77777777777 매도 완료 매수:6bdd1e9b-da0f-405b-95d3-d04a02a4c58e, 매도:(C0105000000391701043), {'type': 'myOrder', 'code': 'KRW-ETC', 'uuid': 'C0105000000391701043', 'ask_bid': 'ASK', 'order_type': 'market', 'state': 'done', 'trade_uuid': 'C0105000000057330886', 'price': 32480, 'volume': 11.42953487, 'remaining_volume': 0, 'executed_volume': 11.42953487, 'trades_count': 2, 'reserved_fee': 0, 'remaining_fee': 0, 'paid_fee': 0, 'executed_funds': 371231.2925776, 'trade_timestamp': 1731295981670, 'order_timestamp': 1731295981659, 'timestamp': 1731295981804, 'stream_type': 'REALTIME'}
[12:33:02.467][17][up](BID) 주문상태:trade, {'type': 'myOrder', 'code': 'KRW-ETC', 'uuid': '6bdd1e9b-da0f-405b-95d3-d04a02a4c58e', 'ask_bid': 'BID', 'order_type': 'limit', 'state': 'trade', 'trade_uuid': 'bbb3f298-774f-4ea9-95f4-046fc1e3d37d', 'price': 32450, 'avg_price': 32466.225, 'volume': 13.57046513, 'remaining_volume': 0, 'executed_volume': 25, 'trades_count': 2, 'reserved_fee': 405.625, 'remaining_fee': 0, 'paid_fee': 405.625, 'locked': 0, 'executed_funds': 811250, 'time_in_force': None, 'trade_timestamp': 1731295982400, 'order_timestamp': 1731295980000, 'timestamp': 1731295982455, 'stream_type': 'REALTIME'}
[12:33:02.468][17][up](BID) 주문상태:done, {'type': 'myOrder', 'code': 'KRW-ETC', 'uuid': '6bdd1e9b-da0f-405b-95d3-d04a02a4c58e', 'ask_bid': 'BID', 'order_type': 'limit', 'state': 'done', 'trade_uuid': None, 'price': 32450, 'avg_price': 32466.225, 'volume': 25, 'remaining_volume': 0, 'executed_volume': 25, 'trades_count': 2, 'reserved_fee': 405.625, 'remaining_fee': 0, 'paid_fee': 405.625, 'locked': 0, 'executed_funds': 811250, 'time_in_force': None, 'trade_timestamp': None, 'order_timestamp': 1731295980000, 'timestamp': 1731295982456, 'stream_type': 'REALTIME'}
[12:33:02.469][17]up33333333333333333 매수 부분매수(6bdd1e9b-da0f-405b-95d3-d04a02a4c58e), {'type': 'myOrder', 'code': 'KRW-ETC', 'uuid': '6bdd1e9b-da0f-405b-95d3-d04a02a4c58e', 'ask_bid': 'BID', 'order_type': 'limit', 'state': 'trade', 'trade_uuid': 'bbb3f298-774f-4ea9-95f4-046fc1e3d37d', 'price': 32450, 'avg_price': 32466.225, 'volume': 13.57046513, 'remaining_volume': 0, 'executed_volume': 25, 'trades_count': 2, 'reserved_fee': 405.625, 'remaining_fee': 0, 'paid_fee': 405.625, 'locked': 0, 'executed_funds': 811250, 'time_in_force': None, 'trade_timestamp': 1731295982400, 'order_timestamp': 1731295980000, 'timestamp': 1731295982455, 'stream_type': 'REALTIME'}
[12:33:02.470][17]SellToMarket(bit) 시작 (6bdd1e9b-da0f-405b-95d3-d04a02a4c58e),{'type': 'myOrder', 'code': 'KRW-ETC', 'uuid': '6bdd1e9b-da0f-405b-95d3-d04a02a4c58e', 'ask_bid': 'BID', 'order_type': 'limit', 'state': 'trade', 'trade_uuid': 'bbb3f298-774f-4ea9-95f4-046fc1e3d37d', 'price': 32450, 'avg_price': 32466.225, 'volume': 13.57046513, 'remaining_volume': 0, 'executed_volume': 25, 'trades_count': 2, 'reserved_fee': 405.625, 'remaining_fee': 0, 'paid_fee': 405.625, 'locked': 0, 'executed_funds': 811250, 'time_in_force': None, 'trade_timestamp': 1731295982400, 'order_timestamp': 1731295980000, 'timestamp': 1731295982455, 'stream_type': 'REALTIME'}
[12:33:02.471][17]bit매도직전 
[12:33:02.475][17]up업빗 done이므로 무시.(6bdd1e9b-da0f-405b-95d3-d04a02a4c58e), 체결량:25.0, {'type': 'myOrder', 'code': 'KRW-ETC', 'uuid': '6bdd1e9b-da0f-405b-95d3-d04a02a4c58e', 'ask_bid': 'BID', 'order_type': 'limit', 'state': 'done', 'trade_uuid': None, 'price': 32450, 'avg_price': 32466.225, 'volume': 25, 'remaining_volume': 0, 'executed_volume': 25, 'trades_count': 2, 'reserved_fee': 405.625, 'remaining_fee': 0, 'paid_fee': 405.625, 'locked': 0, 'executed_funds': 811250, 'time_in_force': None, 'trade_timestamp': None, 'order_timestamp': 1731295980000, 'timestamp': 1731295982456, 'stream_type': 'REALTIME'}
[12:33:02.503][17]업빗탈출신청(6bdd1e9b-da0f-405b-95d3-d04a02a4c58e) mode:1, 매수하고 남은 양이 너무 적음. 매수되버리면 짜투리 됨 0.0
[12:33:02.657][17]업빗탈출신청결과(6bdd1e9b-da0f-405b-95d3-d04a02a4c58e) status_code:400 , {'error': {'name': 'done_order', 'message': '이미 체결된 주문입니다.'}}
[12:33:02.791][17]업빗탈출신청(6bdd1e9b-da0f-405b-95d3-d04a02a4c58e) mode:1, 매수하고 남은 양이 너무 적음. 매수되버리면 짜투리 됨 0.0
[12:33:02.826][17]bit매도직후2 result:{'uuid': 'C0105000000391701061', 'side': 'ask', 'ord_type': 'market', 'state': 'wait', 'market': 'KRW-ETC', 'created_at': '2024-11-11T12:33:02+09:00', 'volume': '13.57046513', 'remaining_volume': '13.57046513', 'reserved_fee': '0', 'remaining_fee': '0', 'paid_fee': '0', 'locked': '13.57046513', 'executed_volume': '0', 'trades_count': 0} 
[12:33:02.827][17]bit 555555555555555 매도신청 완료 (C0105000000391701061),{'uuid': 'C0105000000391701061', 'side': 'ask', 'ord_type': 'market', 'state': 'wait', 'market': 'KRW-ETC', 'created_at': '2024-11-11T12:33:02+09:00', 'volume': '13.57046513', 'remaining_volume': '13.57046513', 'reserved_fee': '0', 'remaining_fee': '0', 'paid_fee': '0', 'locked': '13.57046513', 'executed_volume': '0', 'trades_count': 0}
[12:33:02.829][17]up 4444444444444 쓰레드 정리 isclear isClear(6bdd1e9b-da0f-405b-95d3-d04a02a4c58e), 남은양:0.0, {'type': 'myOrder', 'code': 'KRW-ETC', 'uuid': '6bdd1e9b-da0f-405b-95d3-d04a02a4c58e', 'ask_bid': 'BID', 'order_type': 'limit', 'state': 'trade', 'trade_uuid': 'bbb3f298-774f-4ea9-95f4-046fc1e3d37d', 'price': 32450, 'avg_price': 32466.225, 'volume': 13.57046513, 'remaining_volume': 0, 'executed_volume': 25, 'trades_count': 2, 'reserved_fee': 405.625, 'remaining_fee': 0, 'paid_fee': 405.625, 'locked': 0, 'executed_funds': 811250, 'time_in_force': None, 'trade_timestamp': 1731295982400, 'order_timestamp': 1731295980000, 'timestamp': 1731295982455, 'stream_type': 'REALTIME'}
[12:33:02.831][MyApi]stop_threads 시작 6bdd1e9b-da0f-405b-95d3-d04a02a4c58e
[12:33:02.876][17][bit](ASK) 주문상태:done, {'type': 'myOrder', 'code': 'KRW-ETC', 'uuid': 'C0105000000391701061', 'ask_bid': 'ASK', 'order_type': 'market', 'state': 'done', 'trade_uuid': 'C0105000000057330914', 'price': 32440, 'volume': 13.57046513, 'remaining_volume': 0, 'executed_volume': 13.57046513, 'trades_count': 2, 'reserved_fee': 0, 'remaining_fee': 0, 'paid_fee': 0, 'executed_funds': 440225.8888172, 'trade_timestamp': 1731295982730, 'order_timestamp': 1731295982718, 'timestamp': 1731295982857, 'stream_type': 'REALTIME'}
[12:33:02.876][17]bit 77777777777 매도 완료 매수:6bdd1e9b-da0f-405b-95d3-d04a02a4c58e, 매도:(C0105000000391701061), {'type': 'myOrder', 'code': 'KRW-ETC', 'uuid': 'C0105000000391701061', 'ask_bid': 'ASK', 'order_type': 'market', 'state': 'done', 'trade_uuid': 'C0105000000057330914', 'price': 32440, 'volume': 13.57046513, 'remaining_volume': 0, 'executed_volume': 13.57046513, 'trades_count': 2, 'reserved_fee': 0, 'remaining_fee': 0, 'paid_fee': 0, 'executed_funds': 440225.8888172, 'trade_timestamp': 1731295982730, 'order_timestamp': 1731295982718, 'timestamp': 1731295982857, 'stream_type': 'REALTIME'}
[12:33:02.903][17]업빗탈출신청결과(6bdd1e9b-da0f-405b-95d3-d04a02a4c58e) status_code:400 , {'error': {'message': '이미 체결된 주문입니다.', 'name': 'done_order'}}
[12:33:02.908]업빗 [17][MyApi]쓰레드 종료
[12:33:02.908][17] 666666666666666 [MyApi]stop_threads 종료 6bdd1e9b-da0f-405b-95d3-d04a02a4c58e
[12:33:21.977][18]업빗1111111111111매수신청 완료(12d61ab4-fce6-4966-9d69-8f8114f97e39), mode:1, result:{'uuid': '12d61ab4-fce6-4966-9d69-8f8114f97e39', 'side': 'bid', 'ord_type': 'limit', 'price': '32440', 'state': 'wait', 'market': 'KRW-ETC', 'created_at': '2024-11-11T12:33:21+09:00', 'volume': '25', 'remaining_volume': '25', 'reserved_fee': '405.5', 'remaining_fee': '405.5', 'paid_fee': '0', 'locked': '811405.5', 'executed_volume': '0', 'trades_count': 0}
[12:33:22.017][18][up](BID) 주문상태:wait, {'type': 'myOrder', 'code': 'KRW-ETC', 'uuid': '12d61ab4-fce6-4966-9d69-8f8114f97e39', 'ask_bid': 'BID', 'order_type': 'limit', 'state': 'wait', 'trade_uuid': None, 'price': 32440, 'avg_price': 0, 'volume': 25, 'remaining_volume': 25, 'executed_volume': 0, 'trades_count': 0, 'reserved_fee': 405.5, 'remaining_fee': 405.5, 'paid_fee': 0, 'locked': 811405.5, 'executed_funds': 0, 'time_in_force': None, 'trade_timestamp': None, 'order_timestamp': 1731296001000, 'timestamp': 1731296002001, 'stream_type': 'REALTIME'}
[12:33:22.019][18]up22222222222222222 매수대기 (12d61ab4-fce6-4966-9d69-8f8114f97e39),{'type': 'myOrder', 'code': 'KRW-ETC', 'uuid': '12d61ab4-fce6-4966-9d69-8f8114f97e39', 'ask_bid': 'BID', 'order_type': 'limit', 'state': 'wait', 'trade_uuid': None, 'price': 32440, 'avg_price': 0, 'volume': 25, 'remaining_volume': 25, 'executed_volume': 0, 'trades_count': 0, 'reserved_fee': 405.5, 'remaining_fee': 405.5, 'paid_fee': 0, 'locked': 811405.5, 'executed_funds': 0, 'time_in_force': None, 'trade_timestamp': None, 'order_timestamp': 1731296001000, 'timestamp': 1731296002001, 'stream_type': 'REALTIME'}
[12:33:22.657][18]업빗탈출신청(12d61ab4-fce6-4966-9d69-8f8114f97e39) mode:1, 최종적으로 수량 부족으로 탈출. 빗썸매수2차익:40.0, BitToUp:22.743, UpToBit:16.219, 남은매수/신청매수:25.0/25.0, buy_amount:19.9814, get_total_units:0, up_buy1_amount:2.0419, up_buy2_amount:17.9395
[12:33:22.777][18]업빗탈출신청결과(12d61ab4-fce6-4966-9d69-8f8114f97e39) status_code:200 , {'uuid': '12d61ab4-fce6-4966-9d69-8f8114f97e39', 'side': 'bid', 'ord_type': 'limit', 'price': '32440', 'state': 'wait', 'market': 'KRW-ETC', 'created_at': '2024-11-11T12:33:21+09:00', 'volume': '25', 'remaining_volume': '25', 'reserved_fee': '405.5', 'remaining_fee': '405.5', 'paid_fee': '0', 'locked': '811405.5', 'executed_volume': '0', 'trades_count': 0}
[12:33:22.849][18]업빗탈출신청(12d61ab4-fce6-4966-9d69-8f8114f97e39) mode:1, 최종적으로 수량 부족으로 탈출. 빗썸매수2차익:40.0, BitToUp:22.743, UpToBit:16.219, 남은매수/신청매수:25.0/25.0, buy_amount:19.9814, get_total_units:0, up_buy1_amount:2.0419, up_buy2_amount:17.9395
[12:33:22.866][18][up](BID) 주문상태:cancel, {'type': 'myOrder', 'code': 'KRW-ETC', 'uuid': '12d61ab4-fce6-4966-9d69-8f8114f97e39', 'ask_bid': 'BID', 'order_type': 'limit', 'state': 'cancel', 'trade_uuid': None, 'price': 32440, 'avg_price': 0, 'volume': 25, 'remaining_volume': 25, 'executed_volume': 0, 'trades_count': 0, 'reserved_fee': 405.5, 'remaining_fee': 405.5, 'paid_fee': 0, 'locked': 811405.5, 'executed_funds': 0, 'time_in_force': None, 'trade_timestamp': None, 'order_timestamp': 1731296001000, 'timestamp': 1731296002842, 'stream_type': 'REALTIME'}
[12:33:22.867][18]up33333333333333333 매수취소(12d61ab4-fce6-4966-9d69-8f8114f97e39), {'type': 'myOrder', 'code': 'KRW-ETC', 'uuid': '12d61ab4-fce6-4966-9d69-8f8114f97e39', 'ask_bid': 'BID', 'order_type': 'limit', 'state': 'cancel', 'trade_uuid': None, 'price': 32440, 'avg_price': 0, 'volume': 25, 'remaining_volume': 25, 'executed_volume': 0, 'trades_count': 0, 'reserved_fee': 405.5, 'remaining_fee': 405.5, 'paid_fee': 0, 'locked': 811405.5, 'executed_funds': 0, 'time_in_force': None, 'trade_timestamp': None, 'order_timestamp': 1731296001000, 'timestamp': 1731296002842, 'stream_type': 'REALTIME'}
[12:33:22.867][18]up 4444444444444 쓰레드 정리 isclear isClear(12d61ab4-fce6-4966-9d69-8f8114f97e39), 남은양:25.0, {'type': 'myOrder', 'code': 'KRW-ETC', 'uuid': '12d61ab4-fce6-4966-9d69-8f8114f97e39', 'ask_bid': 'BID', 'order_type': 'limit', 'state': 'cancel', 'trade_uuid': None, 'price': 32440, 'avg_price': 0, 'volume': 25, 'remaining_volume': 25, 'executed_volume': 0, 'trades_count': 0, 'reserved_fee': 405.5, 'remaining_fee': 405.5, 'paid_fee': 0, 'locked': 811405.5, 'executed_funds': 0, 'time_in_force': None, 'trade_timestamp': None, 'order_timestamp': 1731296001000, 'timestamp': 1731296002842, 'stream_type': 'REALTIME'}
[12:33:22.871][MyApi]stop_threads 시작 12d61ab4-fce6-4966-9d69-8f8114f97e39
[12:33:22.961][18]업빗탈출신청결과(12d61ab4-fce6-4966-9d69-8f8114f97e39) status_code:400 , {'error': {'message': '이미 취소된 주문입니다.', 'name': 'canceled_order'}}
[12:33:22.965]업빗 [18][MyApi]쓰레드 종료
[12:33:22.965][18] 666666666666666 [MyApi]stop_threads 종료 12d61ab4-fce6-4966-9d69-8f8114f97e39
[12:33:24.872][19]업빗1111111111111매수신청 완료(8417e2db-36e4-40d4-b816-62818693af4f), mode:1, result:{'uuid': '8417e2db-36e4-40d4-b816-62818693af4f', 'side': 'bid', 'ord_type': 'limit', 'price': '32440', 'state': 'wait', 'market': 'KRW-ETC', 'created_at': '2024-11-11T12:33:24+09:00', 'volume': '25', 'remaining_volume': '25', 'reserved_fee': '405.5', 'remaining_fee': '405.5', 'paid_fee': '0', 'locked': '811405.5', 'executed_volume': '0', 'trades_count': 0}
[12:33:24.908][19][up](BID) 주문상태:wait, {'type': 'myOrder', 'code': 'KRW-ETC', 'uuid': '8417e2db-36e4-40d4-b816-62818693af4f', 'ask_bid': 'BID', 'order_type': 'limit', 'state': 'wait', 'trade_uuid': None, 'price': 32440, 'avg_price': 0, 'volume': 25, 'remaining_volume': 25, 'executed_volume': 0, 'trades_count': 0, 'reserved_fee': 405.5, 'remaining_fee': 405.5, 'paid_fee': 0, 'locked': 811405.5, 'executed_funds': 0, 'time_in_force': None, 'trade_timestamp': None, 'order_timestamp': 1731296004000, 'timestamp': 1731296004891, 'stream_type': 'REALTIME'}
[12:33:24.910][19]up22222222222222222 매수대기 (8417e2db-36e4-40d4-b816-62818693af4f),{'type': 'myOrder', 'code': 'KRW-ETC', 'uuid': '8417e2db-36e4-40d4-b816-62818693af4f', 'ask_bid': 'BID', 'order_type': 'limit', 'state': 'wait', 'trade_uuid': None, 'price': 32440, 'avg_price': 0, 'volume': 25, 'remaining_volume': 25, 'executed_volume': 0, 'trades_count': 0, 'reserved_fee': 405.5, 'remaining_fee': 405.5, 'paid_fee': 0, 'locked': 811405.5, 'executed_funds': 0, 'time_in_force': None, 'trade_timestamp': None, 'order_timestamp': 1731296004000, 'timestamp': 1731296004891, 'stream_type': 'REALTIME'}
[12:33:26.518][19]업빗탈출신청(8417e2db-36e4-40d4-b816-62818693af4f) mode:1, 차익 부족10.0(16.219)
[12:33:26.632][19]업빗탈출신청결과(8417e2db-36e4-40d4-b816-62818693af4f) status_code:200 , {'uuid': '8417e2db-36e4-40d4-b816-62818693af4f', 'side': 'bid', 'ord_type': 'limit', 'price': '32440', 'state': 'wait', 'market': 'KRW-ETC', 'created_at': '2024-11-11T12:33:24+09:00', 'volume': '25', 'remaining_volume': '25', 'reserved_fee': '405.5', 'remaining_fee': '405.5', 'paid_fee': '0', 'locked': '811405.5', 'executed_volume': '0', 'trades_count': 0}
[12:33:26.650][19]업빗탈출신청(8417e2db-36e4-40d4-b816-62818693af4f) mode:1, 차익 부족10.0(16.219)
[12:33:26.697][19][up](BID) 주문상태:cancel, {'type': 'myOrder', 'code': 'KRW-ETC', 'uuid': '8417e2db-36e4-40d4-b816-62818693af4f', 'ask_bid': 'BID', 'order_type': 'limit', 'state': 'cancel', 'trade_uuid': None, 'price': 32440, 'avg_price': 0, 'volume': 25, 'remaining_volume': 25, 'executed_volume': 0, 'trades_count': 0, 'reserved_fee': 405.5, 'remaining_fee': 405.5, 'paid_fee': 0, 'locked': 811405.5, 'executed_funds': 0, 'time_in_force': None, 'trade_timestamp': None, 'order_timestamp': 1731296004000, 'timestamp': 1731296006683, 'stream_type': 'REALTIME'}
[12:33:26.697][19]up33333333333333333 매수취소(8417e2db-36e4-40d4-b816-62818693af4f), {'type': 'myOrder', 'code': 'KRW-ETC', 'uuid': '8417e2db-36e4-40d4-b816-62818693af4f', 'ask_bid': 'BID', 'order_type': 'limit', 'state': 'cancel', 'trade_uuid': None, 'price': 32440, 'avg_price': 0, 'volume': 25, 'remaining_volume': 25, 'executed_volume': 0, 'trades_count': 0, 'reserved_fee': 405.5, 'remaining_fee': 405.5, 'paid_fee': 0, 'locked': 811405.5, 'executed_funds': 0, 'time_in_force': None, 'trade_timestamp': None, 'order_timestamp': 1731296004000, 'timestamp': 1731296006683, 'stream_type': 'REALTIME'}
[12:33:26.697][19]up 4444444444444 쓰레드 정리 isclear isClear(8417e2db-36e4-40d4-b816-62818693af4f), 남은양:25.0, {'type': 'myOrder', 'code': 'KRW-ETC', 'uuid': '8417e2db-36e4-40d4-b816-62818693af4f', 'ask_bid': 'BID', 'order_type': 'limit', 'state': 'cancel', 'trade_uuid': None, 'price': 32440, 'avg_price': 0, 'volume': 25, 'remaining_volume': 25, 'executed_volume': 0, 'trades_count': 0, 'reserved_fee': 405.5, 'remaining_fee': 405.5, 'paid_fee': 0, 'locked': 811405.5, 'executed_funds': 0, 'time_in_force': None, 'trade_timestamp': None, 'order_timestamp': 1731296004000, 'timestamp': 1731296006683, 'stream_type': 'REALTIME'}
[12:33:26.698][MyApi]stop_threads 시작 8417e2db-36e4-40d4-b816-62818693af4f
[12:33:26.738][19]업빗탈출신청결과(8417e2db-36e4-40d4-b816-62818693af4f) status_code:400 , {'error': {'message': '이미 취소된 주문입니다.', 'name': 'canceled_order'}}
[12:33:26.741]업빗 [19][MyApi]쓰레드 종료
[12:33:26.741][19] 666666666666666 [MyApi]stop_threads 종료 8417e2db-36e4-40d4-b816-62818693af4f
[12:35:17.980][20]업빗1111111111111매수신청 완료(bc17035d-c05e-4637-8c45-eaed8e692dd7), mode:1, result:{'uuid': 'bc17035d-c05e-4637-8c45-eaed8e692dd7', 'side': 'bid', 'ord_type': 'limit', 'price': '32550', 'state': 'wait', 'market': 'KRW-ETC', 'created_at': '2024-11-11T12:35:17+09:00', 'volume': '25', 'remaining_volume': '25', 'reserved_fee': '406.875', 'remaining_fee': '406.875', 'paid_fee': '0', 'locked': '814156.875', 'executed_volume': '0', 'trades_count': 0}
[12:35:18.008][20][up](BID) 주문상태:wait, {'type': 'myOrder', 'code': 'KRW-ETC', 'uuid': 'bc17035d-c05e-4637-8c45-eaed8e692dd7', 'ask_bid': 'BID', 'order_type': 'limit', 'state': 'wait', 'trade_uuid': None, 'price': 32550, 'avg_price': 0, 'volume': 25, 'remaining_volume': 25, 'executed_volume': 0, 'trades_count': 0, 'reserved_fee': 406.875, 'remaining_fee': 406.875, 'paid_fee': 0, 'locked': 814156.875, 'executed_funds': 0, 'time_in_force': None, 'trade_timestamp': None, 'order_timestamp': 1731296117000, 'timestamp': 1731296117996, 'stream_type': 'REALTIME'}
[12:35:18.014][20]up22222222222222222 매수대기 (bc17035d-c05e-4637-8c45-eaed8e692dd7),{'type': 'myOrder', 'code': 'KRW-ETC', 'uuid': 'bc17035d-c05e-4637-8c45-eaed8e692dd7', 'ask_bid': 'BID', 'order_type': 'limit', 'state': 'wait', 'trade_uuid': None, 'price': 32550, 'avg_price': 0, 'volume': 25, 'remaining_volume': 25, 'executed_volume': 0, 'trades_count': 0, 'reserved_fee': 406.875, 'remaining_fee': 406.875, 'paid_fee': 0, 'locked': 814156.875, 'executed_funds': 0, 'time_in_force': None, 'trade_timestamp': None, 'order_timestamp': 1731296117000, 'timestamp': 1731296117996, 'stream_type': 'REALTIME'}
[12:35:19.455][20]업빗탈출신청(bc17035d-c05e-4637-8c45-eaed8e692dd7) mode:1, 차익 부족20.0(16.274)
[12:35:19.567][20]업빗탈출신청결과(bc17035d-c05e-4637-8c45-eaed8e692dd7) status_code:200 , {'uuid': 'bc17035d-c05e-4637-8c45-eaed8e692dd7', 'side': 'bid', 'ord_type': 'limit', 'price': '32550', 'state': 'wait', 'market': 'KRW-ETC', 'created_at': '2024-11-11T12:35:17+09:00', 'volume': '25', 'remaining_volume': '25', 'reserved_fee': '406.875', 'remaining_fee': '406.875', 'paid_fee': '0', 'locked': '814156.875', 'executed_volume': '0', 'trades_count': 0}
[12:35:19.637][20][up](BID) 주문상태:cancel, {'type': 'myOrder', 'code': 'KRW-ETC', 'uuid': 'bc17035d-c05e-4637-8c45-eaed8e692dd7', 'ask_bid': 'BID', 'order_type': 'limit', 'state': 'cancel', 'trade_uuid': None, 'price': 32550, 'avg_price': 0, 'volume': 25, 'remaining_volume': 25, 'executed_volume': 0, 'trades_count': 0, 'reserved_fee': 406.875, 'remaining_fee': 406.875, 'paid_fee': 0, 'locked': 814156.875, 'executed_funds': 0, 'time_in_force': None, 'trade_timestamp': None, 'order_timestamp': 1731296117000, 'timestamp': 1731296119626, 'stream_type': 'REALTIME'}
[12:35:19.638][20]up33333333333333333 매수취소(bc17035d-c05e-4637-8c45-eaed8e692dd7), {'type': 'myOrder', 'code': 'KRW-ETC', 'uuid': 'bc17035d-c05e-4637-8c45-eaed8e692dd7', 'ask_bid': 'BID', 'order_type': 'limit', 'state': 'cancel', 'trade_uuid': None, 'price': 32550, 'avg_price': 0, 'volume': 25, 'remaining_volume': 25, 'executed_volume': 0, 'trades_count': 0, 'reserved_fee': 406.875, 'remaining_fee': 406.875, 'paid_fee': 0, 'locked': 814156.875, 'executed_funds': 0, 'time_in_force': None, 'trade_timestamp': None, 'order_timestamp': 1731296117000, 'timestamp': 1731296119626, 'stream_type': 'REALTIME'}
[12:35:19.638][20]up 4444444444444 쓰레드 정리 isclear isClear(bc17035d-c05e-4637-8c45-eaed8e692dd7), 남은양:25.0, {'type': 'myOrder', 'code': 'KRW-ETC', 'uuid': 'bc17035d-c05e-4637-8c45-eaed8e692dd7', 'ask_bid': 'BID', 'order_type': 'limit', 'state': 'cancel', 'trade_uuid': None, 'price': 32550, 'avg_price': 0, 'volume': 25, 'remaining_volume': 25, 'executed_volume': 0, 'trades_count': 0, 'reserved_fee': 406.875, 'remaining_fee': 406.875, 'paid_fee': 0, 'locked': 814156.875, 'executed_funds': 0, 'time_in_force': None, 'trade_timestamp': None, 'order_timestamp': 1731296117000, 'timestamp': 1731296119626, 'stream_type': 'REALTIME'}
[12:35:19.639][MyApi]stop_threads 시작 bc17035d-c05e-4637-8c45-eaed8e692dd7
[12:35:19.641]업빗 [20][MyApi]쓰레드 종료
[12:35:19.641][20] 666666666666666 [MyApi]stop_threads 종료 bc17035d-c05e-4637-8c45-eaed8e692dd7
[12:35:46.625][21]빗썸1111111111111매수신청 완료(C0105000000391701900), mode:1, result:{'uuid': 'C0105000000391701900', 'side': 'bid', 'ord_type': 'limit', 'price': '32560', 'state': 'wait', 'market': 'KRW-ETC', 'created_at': '2024-11-11T12:35:46+09:00', 'volume': '25', 'remaining_volume': '25', 'reserved_fee': '2035', 'remaining_fee': '2035', 'paid_fee': '0', 'locked': '816036', 'executed_volume': '0', 'trades_count': 0}
[12:35:46.663][21][bit](BID) 주문상태:wait, {'type': 'myOrder', 'code': 'KRW-ETC', 'uuid': 'C0105000000391701900', 'ask_bid': 'BID', 'order_type': 'limit', 'state': 'wait', 'trade_uuid': None, 'price': 32560, 'volume': 25, 'remaining_volume': 25, 'executed_volume': 0, 'trades_count': 0, 'reserved_fee': 2035, 'remaining_fee': 2035, 'paid_fee': 0, 'executed_funds': 0, 'trade_timestamp': None, 'order_timestamp': 1731296146536, 'timestamp': 1731296146653, 'stream_type': 'REALTIME'}
[12:35:46.665][21]bit22222222222222222 매수대기 (C0105000000391701900),{'type': 'myOrder', 'code': 'KRW-ETC', 'uuid': 'C0105000000391701900', 'ask_bid': 'BID', 'order_type': 'limit', 'state': 'wait', 'trade_uuid': None, 'price': 32560, 'volume': 25, 'remaining_volume': 25, 'executed_volume': 0, 'trades_count': 0, 'reserved_fee': 2035, 'remaining_fee': 2035, 'paid_fee': 0, 'executed_funds': 0, 'trade_timestamp': None, 'order_timestamp': 1731296146536, 'timestamp': 1731296146653, 'stream_type': 'REALTIME'}
[12:35:47.051][21]빗썸탈출신청(C0105000000391701900) mode:1, 최종적으로 수량 부족으로 탈출. 업빗매수2차익:10.0, BitToUp:22.799, UpToBit:16.29, 남은매수/신청매수:25.0/25.0, buy_amount:9.28781861, get_total_units:0, up_buy1_amount:9.28781861, up_buy2_amount:149.30005061
[12:35:47.358][21][bit](BID) 주문상태:cancel, {'type': 'myOrder', 'code': 'KRW-ETC', 'uuid': 'C0105000000391701900', 'ask_bid': 'BID', 'order_type': 'limit', 'state': 'cancel', 'trade_uuid': None, 'price': 32560, 'volume': 25, 'remaining_volume': 25, 'executed_volume': 0, 'trades_count': 0, 'reserved_fee': 2035, 'remaining_fee': 2035, 'paid_fee': 0, 'executed_funds': 0, 'trade_timestamp': None, 'order_timestamp': 1731296146536, 'timestamp': 1731296147351, 'stream_type': 'REALTIME'}
[12:35:47.358][21]bit33333333333333333 매수취소(C0105000000391701900), {'type': 'myOrder', 'code': 'KRW-ETC', 'uuid': 'C0105000000391701900', 'ask_bid': 'BID', 'order_type': 'limit', 'state': 'cancel', 'trade_uuid': None, 'price': 32560, 'volume': 25, 'remaining_volume': 25, 'executed_volume': 0, 'trades_count': 0, 'reserved_fee': 2035, 'remaining_fee': 2035, 'paid_fee': 0, 'executed_funds': 0, 'trade_timestamp': None, 'order_timestamp': 1731296146536, 'timestamp': 1731296147351, 'stream_type': 'REALTIME'}
[12:35:47.358][21]bit 4444444444444 쓰레드 정리 isclear isClear(C0105000000391701900), 남은양:25.0, {'type': 'myOrder', 'code': 'KRW-ETC', 'uuid': 'C0105000000391701900', 'ask_bid': 'BID', 'order_type': 'limit', 'state': 'cancel', 'trade_uuid': None, 'price': 32560, 'volume': 25, 'remaining_volume': 25, 'executed_volume': 0, 'trades_count': 0, 'reserved_fee': 2035, 'remaining_fee': 2035, 'paid_fee': 0, 'executed_funds': 0, 'trade_timestamp': None, 'order_timestamp': 1731296146536, 'timestamp': 1731296147351, 'stream_type': 'REALTIME'}
[12:35:47.359][MyApi]stop_threads 시작 C0105000000391701900
[12:35:47.362][21]빗썸탈출신청결과(C0105000000391701900) status_code:200 , {'uuid': 'C0105000000391701900', 'side': 'bid', 'ord_type': 'limit', 'price': '32560', 'state': 'wait', 'market': 'KRW-ETC', 'created_at': '2024-11-11T12:35:46+09:00', 'volume': '25', 'remaining_volume': '25', 'reserved_fee': '2035', 'remaining_fee': '2035', 'paid_fee': '0', 'locked': '816036', 'executed_volume': '0', 'trades_count': 0}
[12:35:47.366]빗썸 [21][MyApi]쓰레드 종료
[12:35:47.366][21] 666666666666666 [MyApi]stop_threads 종료 C0105000000391701900
[12:35:51.614][bit]프로그램으로 신청한게 아닌거 같음. 확인 필요.C0105000000391701943, wait, {'type': 'myOrder', 'code': 'KRW-ETC', 'uuid': 'C0105000000391701943', 'ask_bid': 'BID', 'order_type': 'limit', 'state': 'wait', 'trade_uuid': None, 'price': 32530, 'volume': 25, 'remaining_volume': 25, 'executed_volume': 0, 'trades_count': 0, 'reserved_fee': 2033.125, 'remaining_fee': 2033.125, 'paid_fee': 0, 'executed_funds': 0, 'trade_timestamp': None, 'order_timestamp': 1731296151506, 'timestamp': 1731296151609, 'stream_type': 'REALTIME'}
[12:35:51.619][22]빗썸1111111111111매수신청 완료(C0105000000391701943), mode:1, result:{'uuid': 'C0105000000391701943', 'side': 'bid', 'ord_type': 'limit', 'price': '32530', 'state': 'wait', 'market': 'KRW-ETC', 'created_at': '2024-11-11T12:35:51+09:00', 'volume': '25', 'remaining_volume': '25', 'reserved_fee': '2033.125', 'remaining_fee': '2033.125', 'paid_fee': '0', 'locked': '815284.125', 'executed_volume': '0', 'trades_count': 0}
