SELECT * FROM public.member WHERE memid = 1
1
[2024-11-13 08:38:46.965]wsClass,init,ETC,bit
[2024-11-13 08:38:46.966]wsClass,init,ETC,up
[2024-11-13 08:38:46.997]wsClass,connected,ETC,up
[2024-11-13 08:38:47.013]wsPrivateClass,connected,ETC,bit
[2024-11-13 08:38:47.034]wsClass,connected,ETC,bit
[2024-11-13 08:38:47.220]wsPrivateClass,connected,ETC,up
[08:40:06.667]kill로 인한 프로그램 종료 시작 [0/5]
[2024-11-13 08:40:06.679]wsClass,close,ETC,bit,status_code:None,msg:None
[08:40:06.717]kill로 인한 프로그램 종료 시작 [0/5]
kill에 의한 종료
[2024-11-13 08:40:14.658]wsPrivateClass,close,ETC,upstatus_code:None,msg:None
[2024-11-13 08:40:15.663]wsPrivateClass,close,ETC,bitstatus_code:None,msg:None
[2024-11-13 08:40:16.281]wsClass,close,ETC,up,status_code:None,msg:None
SELECT * FROM public.member WHERE memid = 1
1
[2024-11-13 08:40:32.099]wsClass,init,ETC,bit
[2024-11-13 08:40:32.099]wsClass,init,ETC,up
[2024-11-13 08:40:32.129]wsClass,connected,ETC,up
[2024-11-13 08:40:32.147]wsPrivateClass,connected,ETC,up
[2024-11-13 08:40:32.352]wsClass,connected,ETC,bit
[2024-11-13 08:40:32.357]wsPrivateClass,connected,ETC,bit
[08:41:44.235][1]빗썸1111111111111매수신청 완료(C0105000000392443377), mode:1, result:{'uuid': 'C0105000000392443377', 'side': 'bid', 'ord_type': 'limit', 'price': '32760', 'state': 'wait', 'market': 'KRW-ETC', 'created_at': '2024-11-13T08:41:44+09:00', 'volume': '25', 'remaining_volume': '25', 'reserved_fee': '2047.5', 'remaining_fee': '2047.5', 'paid_fee': '0', 'locked': '821048.5', 'executed_volume': '0', 'trades_count': 0}
[08:41:44.294][1][bit](BID) 주문상태:wait, {'type': 'myOrder', 'code': 'KRW-ETC', 'uuid': 'C0105000000392443377', 'ask_bid': 'BID', 'order_type': 'limit', 'state': 'wait', 'trade_uuid': None, 'price': 32760, 'volume': 25, 'remaining_volume': 25, 'executed_volume': 0, 'trades_count': 0, 'reserved_fee': 2047.5, 'remaining_fee': 2047.5, 'paid_fee': 0, 'executed_funds': 0, 'trade_timestamp': None, 'order_timestamp': 1731454904163, 'timestamp': 1731454904253, 'stream_type': 'REALTIME'}
[08:41:44.295][1]bit22222222222222222 매수대기 (C0105000000392443377),{'type': 'myOrder', 'code': 'KRW-ETC', 'uuid': 'C0105000000392443377', 'ask_bid': 'BID', 'order_type': 'limit', 'state': 'wait', 'trade_uuid': None, 'price': 32760, 'volume': 25, 'remaining_volume': 25, 'executed_volume': 0, 'trades_count': 0, 'reserved_fee': 2047.5, 'remaining_fee': 2047.5, 'paid_fee': 0, 'executed_funds': 0, 'trade_timestamp': None, 'order_timestamp': 1731454904163, 'timestamp': 1731454904253, 'stream_type': 'REALTIME'}
[08:41:45.238][2]빗썸1111111111111매수신청 완료(C0105000000392443379), mode:1, result:{'uuid': 'C0105000000392443379', 'side': 'bid', 'ord_type': 'limit', 'price': '32760', 'state': 'wait', 'market': 'KRW-ETC', 'created_at': '2024-11-13T08:41:45+09:00', 'volume': '5', 'remaining_volume': '5', 'reserved_fee': '409.5', 'remaining_fee': '409.5', 'paid_fee': '0', 'locked': '164210.5', 'executed_volume': '0', 'trades_count': 0}
[08:41:45.303][2][bit](BID) 주문상태:wait, {'type': 'myOrder', 'code': 'KRW-ETC', 'uuid': 'C0105000000392443379', 'ask_bid': 'BID', 'order_type': 'limit', 'state': 'wait', 'trade_uuid': None, 'price': 32760, 'volume': 5, 'remaining_volume': 5, 'executed_volume': 0, 'trades_count': 0, 'reserved_fee': 409.5, 'remaining_fee': 409.5, 'paid_fee': 0, 'executed_funds': 0, 'trade_timestamp': None, 'order_timestamp': 1731454905157, 'timestamp': 1731454905249, 'stream_type': 'REALTIME'}
[08:41:45.304][2]bit22222222222222222 매수대기 (C0105000000392443379),{'type': 'myOrder', 'code': 'KRW-ETC', 'uuid': 'C0105000000392443379', 'ask_bid': 'BID', 'order_type': 'limit', 'state': 'wait', 'trade_uuid': None, 'price': 32760, 'volume': 5, 'remaining_volume': 5, 'executed_volume': 0, 'trades_count': 0, 'reserved_fee': 409.5, 'remaining_fee': 409.5, 'paid_fee': 0, 'executed_funds': 0, 'trade_timestamp': None, 'order_timestamp': 1731454905157, 'timestamp': 1731454905249, 'stream_type': 'REALTIME'}
[08:41:52.171][1]빗썸탈출신청(C0105000000392443377) mode:1, 차익 부족10.0(22.939)
[08:41:52.171][2]빗썸탈출신청(C0105000000392443379) mode:1, 차익 부족10.0(22.939)
[08:41:52.456][2]빗썸탈출신청결과(C0105000000392443379) status_code:200 , {'uuid': 'C0105000000392443379', 'side': 'bid', 'ord_type': 'limit', 'price': '32760', 'state': 'wait', 'market': 'KRW-ETC', 'created_at': '2024-11-13T08:41:45+09:00', 'volume': '5', 'remaining_volume': '5', 'reserved_fee': '409.5', 'remaining_fee': '409.5', 'paid_fee': '0', 'locked': '164210.5', 'executed_volume': '0', 'trades_count': 0}
[08:41:52.468][1]빗썸탈출신청결과(C0105000000392443377) status_code:200 , {'uuid': 'C0105000000392443377', 'side': 'bid', 'ord_type': 'limit', 'price': '32760', 'state': 'wait', 'market': 'KRW-ETC', 'created_at': '2024-11-13T08:41:44+09:00', 'volume': '25', 'remaining_volume': '25', 'reserved_fee': '2047.5', 'remaining_fee': '2047.5', 'paid_fee': '0', 'locked': '821048.5', 'executed_volume': '0', 'trades_count': 0}
[08:41:52.547][2][bit](BID) 주문상태:cancel, {'type': 'myOrder', 'code': 'KRW-ETC', 'uuid': 'C0105000000392443379', 'ask_bid': 'BID', 'order_type': 'limit', 'state': 'cancel', 'trade_uuid': None, 'price': 32760, 'volume': 5, 'remaining_volume': 5, 'executed_volume': 0, 'trades_count': 0, 'reserved_fee': 409.5, 'remaining_fee': 409.5, 'paid_fee': 0, 'executed_funds': 0, 'trade_timestamp': None, 'order_timestamp': 1731454905157, 'timestamp': 1731454912506, 'stream_type': 'REALTIME'}
[08:41:52.547][2]bit33333333333333333 매수취소(C0105000000392443379), {'type': 'myOrder', 'code': 'KRW-ETC', 'uuid': 'C0105000000392443379', 'ask_bid': 'BID', 'order_type': 'limit', 'state': 'cancel', 'trade_uuid': None, 'price': 32760, 'volume': 5, 'remaining_volume': 5, 'executed_volume': 0, 'trades_count': 0, 'reserved_fee': 409.5, 'remaining_fee': 409.5, 'paid_fee': 0, 'executed_funds': 0, 'trade_timestamp': None, 'order_timestamp': 1731454905157, 'timestamp': 1731454912506, 'stream_type': 'REALTIME'}
[08:41:52.548][2]bit 4444444444444 쓰레드 정리 isclear isClear(C0105000000392443379), 남은양:5.0, {'type': 'myOrder', 'code': 'KRW-ETC', 'uuid': 'C0105000000392443379', 'ask_bid': 'BID', 'order_type': 'limit', 'state': 'cancel', 'trade_uuid': None, 'price': 32760, 'volume': 5, 'remaining_volume': 5, 'executed_volume': 0, 'trades_count': 0, 'reserved_fee': 409.5, 'remaining_fee': 409.5, 'paid_fee': 0, 'executed_funds': 0, 'trade_timestamp': None, 'order_timestamp': 1731454905157, 'timestamp': 1731454912506, 'stream_type': 'REALTIME'}
[08:41:52.549][1][bit](BID) 주문상태:cancel, {'type': 'myOrder', 'code': 'KRW-ETC', 'uuid': 'C0105000000392443377', 'ask_bid': 'BID', 'order_type': 'limit', 'state': 'cancel', 'trade_uuid': None, 'price': 32760, 'volume': 25, 'remaining_volume': 25, 'executed_volume': 0, 'trades_count': 0, 'reserved_fee': 2047.5, 'remaining_fee': 2047.5, 'paid_fee': 0, 'executed_funds': 0, 'trade_timestamp': None, 'order_timestamp': 1731454904163, 'timestamp': 1731454912507, 'stream_type': 'REALTIME'}
[08:41:52.549][1]bit33333333333333333 매수취소(C0105000000392443377), {'type': 'myOrder', 'code': 'KRW-ETC', 'uuid': 'C0105000000392443377', 'ask_bid': 'BID', 'order_type': 'limit', 'state': 'cancel', 'trade_uuid': None, 'price': 32760, 'volume': 25, 'remaining_volume': 25, 'executed_volume': 0, 'trades_count': 0, 'reserved_fee': 2047.5, 'remaining_fee': 2047.5, 'paid_fee': 0, 'executed_funds': 0, 'trade_timestamp': None, 'order_timestamp': 1731454904163, 'timestamp': 1731454912507, 'stream_type': 'REALTIME'}
[08:41:52.549][1]bit 4444444444444 쓰레드 정리 isclear isClear(C0105000000392443377), 남은양:25.0, {'type': 'myOrder', 'code': 'KRW-ETC', 'uuid': 'C0105000000392443377', 'ask_bid': 'BID', 'order_type': 'limit', 'state': 'cancel', 'trade_uuid': None, 'price': 32760, 'volume': 25, 'remaining_volume': 25, 'executed_volume': 0, 'trades_count': 0, 'reserved_fee': 2047.5, 'remaining_fee': 2047.5, 'paid_fee': 0, 'executed_funds': 0, 'trade_timestamp': None, 'order_timestamp': 1731454904163, 'timestamp': 1731454912507, 'stream_type': 'REALTIME'}
[08:41:52.550][MyApi]stop_threads 시작 C0105000000392443379
[08:41:52.550][1]빗썸탈출신청(C0105000000392443377) mode:1, 차익 부족10.0(22.939)
[08:41:52.551][MyApi]stop_threads 시작 C0105000000392443377
[08:41:52.556]빗썸 [2][MyApi]쓰레드 종료
[08:41:52.556][2] 666666666666666 [MyApi]stop_threads 종료 C0105000000392443379
[08:41:52.770][1]빗썸탈출신청결과(C0105000000392443377) status_code:404 , {'error': {'name': 'order_not_found', 'message': '주문을 찾지 못했습니다.'}}
[08:41:52.774]빗썸 [1][MyApi]쓰레드 종료
[08:41:52.775][1] 666666666666666 [MyApi]stop_threads 종료 C0105000000392443377
[08:42:11.339][3]빗썸1111111111111매수신청 완료(C0105000000392443439), mode:1, result:{'uuid': 'C0105000000392443439', 'side': 'bid', 'ord_type': 'limit', 'price': '32740', 'state': 'wait', 'market': 'KRW-ETC', 'created_at': '2024-11-13T08:42:11+09:00', 'volume': '25', 'remaining_volume': '25', 'reserved_fee': '2046.25', 'remaining_fee': '2046.25', 'paid_fee': '0', 'locked': '820547.25', 'executed_volume': '0', 'trades_count': 0}
[08:42:11.390][3][bit](BID) 주문상태:wait, {'type': 'myOrder', 'code': 'KRW-ETC', 'uuid': 'C0105000000392443439', 'ask_bid': 'BID', 'order_type': 'limit', 'state': 'wait', 'trade_uuid': None, 'price': 32740, 'volume': 25, 'remaining_volume': 25, 'executed_volume': 0, 'trades_count': 0, 'reserved_fee': 2046.25, 'remaining_fee': 2046.25, 'paid_fee': 0, 'executed_funds': 0, 'trade_timestamp': None, 'order_timestamp': 1731454931249, 'timestamp': 1731454931351, 'stream_type': 'REALTIME'}
[08:42:11.391][3]bit22222222222222222 매수대기 (C0105000000392443439),{'type': 'myOrder', 'code': 'KRW-ETC', 'uuid': 'C0105000000392443439', 'ask_bid': 'BID', 'order_type': 'limit', 'state': 'wait', 'trade_uuid': None, 'price': 32740, 'volume': 25, 'remaining_volume': 25, 'executed_volume': 0, 'trades_count': 0, 'reserved_fee': 2046.25, 'remaining_fee': 2046.25, 'paid_fee': 0, 'executed_funds': 0, 'trade_timestamp': None, 'order_timestamp': 1731454931249, 'timestamp': 1731454931351, 'stream_type': 'REALTIME'}
[08:42:12.433][4]빗썸1111111111111매수신청 완료(C0105000000392443446), mode:1, result:{'uuid': 'C0105000000392443446', 'side': 'bid', 'ord_type': 'limit', 'price': '32740', 'state': 'wait', 'market': 'KRW-ETC', 'created_at': '2024-11-13T08:42:12+09:00', 'volume': '5', 'remaining_volume': '5', 'reserved_fee': '409.25', 'remaining_fee': '409.25', 'paid_fee': '0', 'locked': '164110.25', 'executed_volume': '0', 'trades_count': 0}
[08:42:12.496][4][bit](BID) 주문상태:wait, {'type': 'myOrder', 'code': 'KRW-ETC', 'uuid': 'C0105000000392443446', 'ask_bid': 'BID', 'order_type': 'limit', 'state': 'wait', 'trade_uuid': None, 'price': 32740, 'volume': 5, 'remaining_volume': 5, 'executed_volume': 0, 'trades_count': 0, 'reserved_fee': 409.25, 'remaining_fee': 409.25, 'paid_fee': 0, 'executed_funds': 0, 'trade_timestamp': None, 'order_timestamp': 1731454932357, 'timestamp': 1731454932457, 'stream_type': 'REALTIME'}
[08:42:12.497][4]bit22222222222222222 매수대기 (C0105000000392443446),{'type': 'myOrder', 'code': 'KRW-ETC', 'uuid': 'C0105000000392443446', 'ask_bid': 'BID', 'order_type': 'limit', 'state': 'wait', 'trade_uuid': None, 'price': 32740, 'volume': 5, 'remaining_volume': 5, 'executed_volume': 0, 'trades_count': 0, 'reserved_fee': 409.25, 'remaining_fee': 409.25, 'paid_fee': 0, 'executed_funds': 0, 'trade_timestamp': None, 'order_timestamp': 1731454932357, 'timestamp': 1731454932457, 'stream_type': 'REALTIME'}
[08:42:13.193][3]빗썸탈출신청(C0105000000392443439) mode:1, 빗썸매수3까지 내려옴. 매수금액(32740.0), 매수2(32750.0)
[08:42:13.193][4]빗썸탈출신청(C0105000000392443446) mode:1, 빗썸매수3까지 내려옴. 매수금액(32740.0), 매수2(32750.0)
[08:42:13.474][3]빗썸탈출신청결과(C0105000000392443439) status_code:200 , {'uuid': 'C0105000000392443439', 'side': 'bid', 'ord_type': 'limit', 'price': '32740', 'state': 'wait', 'market': 'KRW-ETC', 'created_at': '2024-11-13T08:42:11+09:00', 'volume': '25', 'remaining_volume': '25', 'reserved_fee': '2046.25', 'remaining_fee': '2046.25', 'paid_fee': '0', 'locked': '820547.25', 'executed_volume': '0', 'trades_count': 0}
[08:42:13.485][4]빗썸탈출신청결과(C0105000000392443446) status_code:200 , {'uuid': 'C0105000000392443446', 'side': 'bid', 'ord_type': 'limit', 'price': '32740', 'state': 'wait', 'market': 'KRW-ETC', 'created_at': '2024-11-13T08:42:12+09:00', 'volume': '5', 'remaining_volume': '5', 'reserved_fee': '409.25', 'remaining_fee': '409.25', 'paid_fee': '0', 'locked': '164110.25', 'executed_volume': '0', 'trades_count': 0}
[08:42:13.561][3][bit](BID) 주문상태:cancel, {'type': 'myOrder', 'code': 'KRW-ETC', 'uuid': 'C0105000000392443439', 'ask_bid': 'BID', 'order_type': 'limit', 'state': 'cancel', 'trade_uuid': None, 'price': 32740, 'volume': 25, 'remaining_volume': 25, 'executed_volume': 0, 'trades_count': 0, 'reserved_fee': 2046.25, 'remaining_fee': 2046.25, 'paid_fee': 0, 'executed_funds': 0, 'trade_timestamp': None, 'order_timestamp': 1731454931249, 'timestamp': 1731454933501, 'stream_type': 'REALTIME'}
[08:42:13.562][3]bit33333333333333333 매수취소(C0105000000392443439), {'type': 'myOrder', 'code': 'KRW-ETC', 'uuid': 'C0105000000392443439', 'ask_bid': 'BID', 'order_type': 'limit', 'state': 'cancel', 'trade_uuid': None, 'price': 32740, 'volume': 25, 'remaining_volume': 25, 'executed_volume': 0, 'trades_count': 0, 'reserved_fee': 2046.25, 'remaining_fee': 2046.25, 'paid_fee': 0, 'executed_funds': 0, 'trade_timestamp': None, 'order_timestamp': 1731454931249, 'timestamp': 1731454933501, 'stream_type': 'REALTIME'}
[08:42:13.562][3]bit 4444444444444 쓰레드 정리 isclear isClear(C0105000000392443439), 남은양:25.0, {'type': 'myOrder', 'code': 'KRW-ETC', 'uuid': 'C0105000000392443439', 'ask_bid': 'BID', 'order_type': 'limit', 'state': 'cancel', 'trade_uuid': None, 'price': 32740, 'volume': 25, 'remaining_volume': 25, 'executed_volume': 0, 'trades_count': 0, 'reserved_fee': 2046.25, 'remaining_fee': 2046.25, 'paid_fee': 0, 'executed_funds': 0, 'trade_timestamp': None, 'order_timestamp': 1731454931249, 'timestamp': 1731454933501, 'stream_type': 'REALTIME'}
[08:42:13.563][MyApi]stop_threads 시작 C0105000000392443439
[08:42:13.563][4]빗썸탈출신청(C0105000000392443446) mode:1, 빗썸매수3까지 내려옴. 매수금액(32740.0), 매수2(32750.0)
[08:42:13.565]빗썸 [3][MyApi]쓰레드 종료
[08:42:13.565][3] 666666666666666 [MyApi]stop_threads 종료 C0105000000392443439
[08:42:13.607][4][bit](BID) 주문상태:cancel, {'type': 'myOrder', 'code': 'KRW-ETC', 'uuid': 'C0105000000392443446', 'ask_bid': 'BID', 'order_type': 'limit', 'state': 'cancel', 'trade_uuid': None, 'price': 32740, 'volume': 5, 'remaining_volume': 5, 'executed_volume': 0, 'trades_count': 0, 'reserved_fee': 409.25, 'remaining_fee': 409.25, 'paid_fee': 0, 'executed_funds': 0, 'trade_timestamp': None, 'order_timestamp': 1731454932357, 'timestamp': 1731454933568, 'stream_type': 'REALTIME'}
[08:42:13.607][4]bit33333333333333333 매수취소(C0105000000392443446), {'type': 'myOrder', 'code': 'KRW-ETC', 'uuid': 'C0105000000392443446', 'ask_bid': 'BID', 'order_type': 'limit', 'state': 'cancel', 'trade_uuid': None, 'price': 32740, 'volume': 5, 'remaining_volume': 5, 'executed_volume': 0, 'trades_count': 0, 'reserved_fee': 409.25, 'remaining_fee': 409.25, 'paid_fee': 0, 'executed_funds': 0, 'trade_timestamp': None, 'order_timestamp': 1731454932357, 'timestamp': 1731454933568, 'stream_type': 'REALTIME'}
[08:42:13.607][4]bit 4444444444444 쓰레드 정리 isclear isClear(C0105000000392443446), 남은양:5.0, {'type': 'myOrder', 'code': 'KRW-ETC', 'uuid': 'C0105000000392443446', 'ask_bid': 'BID', 'order_type': 'limit', 'state': 'cancel', 'trade_uuid': None, 'price': 32740, 'volume': 5, 'remaining_volume': 5, 'executed_volume': 0, 'trades_count': 0, 'reserved_fee': 409.25, 'remaining_fee': 409.25, 'paid_fee': 0, 'executed_funds': 0, 'trade_timestamp': None, 'order_timestamp': 1731454932357, 'timestamp': 1731454933568, 'stream_type': 'REALTIME'}
[08:42:13.609][MyApi]stop_threads 시작 C0105000000392443446
[08:42:13.725][4]빗썸탈출신청결과(C0105000000392443446) status_code:404 , {'error': {'name': 'order_not_found', 'message': '주문을 찾지 못했습니다.'}}
[08:42:13.730]빗썸 [4][MyApi]쓰레드 종료
[08:42:13.730][4] 666666666666666 [MyApi]stop_threads 종료 C0105000000392443446
[08:42:16.137][5]빗썸1111111111111매수신청 완료(C0105000000392443466), mode:1, result:{'uuid': 'C0105000000392443466', 'side': 'bid', 'ord_type': 'limit', 'price': '32760', 'state': 'wait', 'market': 'KRW-ETC', 'created_at': '2024-11-13T08:42:16+09:00', 'volume': '25', 'remaining_volume': '25', 'reserved_fee': '2047.5', 'remaining_fee': '2047.5', 'paid_fee': '0', 'locked': '821048.5', 'executed_volume': '0', 'trades_count': 0}
[08:42:16.239][5][bit](BID) 주문상태:wait, {'type': 'myOrder', 'code': 'KRW-ETC', 'uuid': 'C0105000000392443466', 'ask_bid': 'BID', 'order_type': 'limit', 'state': 'wait', 'trade_uuid': None, 'price': 32760, 'volume': 25, 'remaining_volume': 25, 'executed_volume': 0, 'trades_count': 0, 'reserved_fee': 2047.5, 'remaining_fee': 2047.5, 'paid_fee': 0, 'executed_funds': 0, 'trade_timestamp': None, 'order_timestamp': 1731454936070, 'timestamp': 1731454936199, 'stream_type': 'REALTIME'}
[08:42:16.241][5]bit22222222222222222 매수대기 (C0105000000392443466),{'type': 'myOrder', 'code': 'KRW-ETC', 'uuid': 'C0105000000392443466', 'ask_bid': 'BID', 'order_type': 'limit', 'state': 'wait', 'trade_uuid': None, 'price': 32760, 'volume': 25, 'remaining_volume': 25, 'executed_volume': 0, 'trades_count': 0, 'reserved_fee': 2047.5, 'remaining_fee': 2047.5, 'paid_fee': 0, 'executed_funds': 0, 'trade_timestamp': None, 'order_timestamp': 1731454936070, 'timestamp': 1731454936199, 'stream_type': 'REALTIME'}
[08:42:16.905][6]빗썸1111111111111매수신청 완료(C0105000000392443469), mode:1, result:{'uuid': 'C0105000000392443469', 'side': 'bid', 'ord_type': 'limit', 'price': '32760', 'state': 'wait', 'market': 'KRW-ETC', 'created_at': '2024-11-13T08:42:16+09:00', 'volume': '5', 'remaining_volume': '5', 'reserved_fee': '409.5', 'remaining_fee': '409.5', 'paid_fee': '0', 'locked': '164210.5', 'executed_volume': '0', 'trades_count': 0}
[08:42:16.998][6][bit](BID) 주문상태:wait, {'type': 'myOrder', 'code': 'KRW-ETC', 'uuid': 'C0105000000392443469', 'ask_bid': 'BID', 'order_type': 'limit', 'state': 'wait', 'trade_uuid': None, 'price': 32760, 'volume': 5, 'remaining_volume': 5, 'executed_volume': 0, 'trades_count': 0, 'reserved_fee': 409.5, 'remaining_fee': 409.5, 'paid_fee': 0, 'executed_funds': 0, 'trade_timestamp': None, 'order_timestamp': 1731454936841, 'timestamp': 1731454936957, 'stream_type': 'REALTIME'}
[08:42:17.000][6]bit22222222222222222 매수대기 (C0105000000392443469),{'type': 'myOrder', 'code': 'KRW-ETC', 'uuid': 'C0105000000392443469', 'ask_bid': 'BID', 'order_type': 'limit', 'state': 'wait', 'trade_uuid': None, 'price': 32760, 'volume': 5, 'remaining_volume': 5, 'executed_volume': 0, 'trades_count': 0, 'reserved_fee': 409.5, 'remaining_fee': 409.5, 'paid_fee': 0, 'executed_funds': 0, 'trade_timestamp': None, 'order_timestamp': 1731454936841, 'timestamp': 1731454936957, 'stream_type': 'REALTIME'}
[08:42:20.695][5][bit](BID) 주문상태:done, {'type': 'myOrder', 'code': 'KRW-ETC', 'uuid': 'C0105000000392443466', 'ask_bid': 'BID', 'order_type': 'limit', 'state': 'done', 'trade_uuid': 'C0105000000057471761', 'price': 32760, 'volume': 25, 'remaining_volume': 0, 'executed_volume': 25, 'trades_count': 1, 'reserved_fee': 2047.5, 'remaining_fee': 2047.5, 'paid_fee': 0, 'executed_funds': 819000, 'trade_timestamp': 1731454940505, 'order_timestamp': 1731454936070, 'timestamp': 1731454940656, 'stream_type': 'REALTIME'}
[08:42:20.698][6][bit](BID) 주문상태:done, {'type': 'myOrder', 'code': 'KRW-ETC', 'uuid': 'C0105000000392443469', 'ask_bid': 'BID', 'order_type': 'limit', 'state': 'done', 'trade_uuid': 'C0105000000057471762', 'price': 32760, 'volume': 5, 'remaining_volume': 0, 'executed_volume': 5, 'trades_count': 1, 'reserved_fee': 409.5, 'remaining_fee': 409.5, 'paid_fee': 0, 'executed_funds': 163800, 'trade_timestamp': 1731454940505, 'order_timestamp': 1731454936841, 'timestamp': 1731454940657, 'stream_type': 'REALTIME'}
[08:42:20.700][5]bit3333333333333333 매수성공(C0105000000392443466), 체결량:25.0, {'type': 'myOrder', 'code': 'KRW-ETC', 'uuid': 'C0105000000392443466', 'ask_bid': 'BID', 'order_type': 'limit', 'state': 'done', 'trade_uuid': 'C0105000000057471761', 'price': 32760, 'volume': 25, 'remaining_volume': 0, 'executed_volume': 25, 'trades_count': 1, 'reserved_fee': 2047.5, 'remaining_fee': 2047.5, 'paid_fee': 0, 'executed_funds': 819000, 'trade_timestamp': 1731454940505, 'order_timestamp': 1731454936070, 'timestamp': 1731454940656, 'stream_type': 'REALTIME'}
[08:42:20.700][5]SellToMarket(up) 시작 (C0105000000392443466),{'type': 'myOrder', 'code': 'KRW-ETC', 'uuid': 'C0105000000392443466', 'ask_bid': 'BID', 'order_type': 'limit', 'state': 'done', 'trade_uuid': 'C0105000000057471761', 'price': 32760, 'volume': 25, 'remaining_volume': 0, 'executed_volume': 25, 'trades_count': 1, 'reserved_fee': 2047.5, 'remaining_fee': 2047.5, 'paid_fee': 0, 'executed_funds': 819000, 'trade_timestamp': 1731454940505, 'order_timestamp': 1731454936070, 'timestamp': 1731454940656, 'stream_type': 'REALTIME'}
[08:42:20.703][6]bit3333333333333333 매수성공(C0105000000392443469), 체결량:5.0, {'type': 'myOrder', 'code': 'KRW-ETC', 'uuid': 'C0105000000392443469', 'ask_bid': 'BID', 'order_type': 'limit', 'state': 'done', 'trade_uuid': 'C0105000000057471762', 'price': 32760, 'volume': 5, 'remaining_volume': 0, 'executed_volume': 5, 'trades_count': 1, 'reserved_fee': 409.5, 'remaining_fee': 409.5, 'paid_fee': 0, 'executed_funds': 163800, 'trade_timestamp': 1731454940505, 'order_timestamp': 1731454936841, 'timestamp': 1731454940657, 'stream_type': 'REALTIME'}
[08:42:20.703][6]SellToMarket(up) 시작 (C0105000000392443469),{'type': 'myOrder', 'code': 'KRW-ETC', 'uuid': 'C0105000000392443469', 'ask_bid': 'BID', 'order_type': 'limit', 'state': 'done', 'trade_uuid': 'C0105000000057471762', 'price': 32760, 'volume': 5, 'remaining_volume': 0, 'executed_volume': 5, 'trades_count': 1, 'reserved_fee': 409.5, 'remaining_fee': 409.5, 'paid_fee': 0, 'executed_funds': 163800, 'trade_timestamp': 1731454940505, 'order_timestamp': 1731454936841, 'timestamp': 1731454940657, 'stream_type': 'REALTIME'}
[08:42:20.705][5]up매도직전 
[08:42:20.708][6]up매도직전 
[08:42:20.839]코인 오버 [109.66/90.0], 1회 거래량:25.0, 빗썸:79.66, 업빗:30.0[08:42:20.839][6]빗썸탈출신청(C0105000000392443469) mode:1, 매수하고 남은 양이 너무 적음. 매수되버리면 짜투리 됨 0.0[08:42:20.840][5]빗썸탈출신청(C0105000000392443466) mode:1, 매수하고 남은 양이 너무 적음. 매수되버리면 짜투리 됨 0.0


[08:42:20.902][5]up매도직후2 result:{'uuid': 'cf1aa9d7-b53b-47c9-8812-8d3215fdaea1', 'side': 'ask', 'ord_type': 'market', 'state': 'wait', 'market': 'KRW-ETC', 'created_at': '2024-11-13T08:42:20+09:00', 'volume': '25', 'remaining_volume': '25', 'reserved_fee': '0', 'remaining_fee': '0', 'paid_fee': '0', 'locked': '25', 'executed_volume': '0', 'trades_count': 0} 
[08:42:20.903][5]up 555555555555555 매도신청 완료 (cf1aa9d7-b53b-47c9-8812-8d3215fdaea1),{'uuid': 'cf1aa9d7-b53b-47c9-8812-8d3215fdaea1', 'side': 'ask', 'ord_type': 'market', 'state': 'wait', 'market': 'KRW-ETC', 'created_at': '2024-11-13T08:42:20+09:00', 'volume': '25', 'remaining_volume': '25', 'reserved_fee': '0', 'remaining_fee': '0', 'paid_fee': '0', 'locked': '25', 'executed_volume': '0', 'trades_count': 0}
[08:42:20.905][5]bit 4444444444444 쓰레드 정리 isclear isClear(C0105000000392443466), 남은양:0.0, {'type': 'myOrder', 'code': 'KRW-ETC', 'uuid': 'C0105000000392443466', 'ask_bid': 'BID', 'order_type': 'limit', 'state': 'done', 'trade_uuid': 'C0105000000057471761', 'price': 32760, 'volume': 25, 'remaining_volume': 0, 'executed_volume': 25, 'trades_count': 1, 'reserved_fee': 2047.5, 'remaining_fee': 2047.5, 'paid_fee': 0, 'executed_funds': 819000, 'trade_timestamp': 1731454940505, 'order_timestamp': 1731454936070, 'timestamp': 1731454940656, 'stream_type': 'REALTIME'}
[08:42:20.906][MyApi]stop_threads 시작 C0105000000392443466
[08:42:20.923][6]up매도직후2 result:{'uuid': 'd3cf4a72-03ad-4f68-9bb7-d08e63ad368b', 'side': 'ask', 'ord_type': 'market', 'state': 'wait', 'market': 'KRW-ETC', 'created_at': '2024-11-13T08:42:20+09:00', 'volume': '5', 'remaining_volume': '5', 'reserved_fee': '0', 'remaining_fee': '0', 'paid_fee': '0', 'locked': '5', 'executed_volume': '0', 'trades_count': 0} 
[08:42:20.924][6]up 555555555555555 매도신청 완료 (d3cf4a72-03ad-4f68-9bb7-d08e63ad368b),{'uuid': 'd3cf4a72-03ad-4f68-9bb7-d08e63ad368b', 'side': 'ask', 'ord_type': 'market', 'state': 'wait', 'market': 'KRW-ETC', 'created_at': '2024-11-13T08:42:20+09:00', 'volume': '5', 'remaining_volume': '5', 'reserved_fee': '0', 'remaining_fee': '0', 'paid_fee': '0', 'locked': '5', 'executed_volume': '0', 'trades_count': 0}
[08:42:20.931][6]bit 4444444444444 쓰레드 정리 isclear isClear(C0105000000392443469), 남은양:0.0, {'type': 'myOrder', 'code': 'KRW-ETC', 'uuid': 'C0105000000392443469', 'ask_bid': 'BID', 'order_type': 'limit', 'state': 'done', 'trade_uuid': 'C0105000000057471762', 'price': 32760, 'volume': 5, 'remaining_volume': 0, 'executed_volume': 5, 'trades_count': 1, 'reserved_fee': 409.5, 'remaining_fee': 409.5, 'paid_fee': 0, 'executed_funds': 163800, 'trade_timestamp': 1731454940505, 'order_timestamp': 1731454936841, 'timestamp': 1731454940657, 'stream_type': 'REALTIME'}
[08:42:20.935][MyApi]stop_threads 시작 C0105000000392443469
[08:42:20.942][5][up](ASK) 주문상태:wait, {'type': 'myOrder', 'code': 'KRW-ETC', 'uuid': 'cf1aa9d7-b53b-47c9-8812-8d3215fdaea1', 'ask_bid': 'ASK', 'order_type': 'market', 'state': 'wait', 'trade_uuid': None, 'price': None, 'avg_price': 0, 'volume': 25, 'remaining_volume': 25, 'executed_volume': 0, 'trades_count': 0, 'reserved_fee': 0, 'remaining_fee': 0, 'paid_fee': 0, 'locked': 25, 'executed_funds': 0, 'time_in_force': None, 'trade_timestamp': None, 'order_timestamp': 1731454940000, 'timestamp': 1731454940918, 'stream_type': 'REALTIME'}
[08:42:20.961][6][up](ASK) 주문상태:wait, {'type': 'myOrder', 'code': 'KRW-ETC', 'uuid': 'd3cf4a72-03ad-4f68-9bb7-d08e63ad368b', 'ask_bid': 'ASK', 'order_type': 'market', 'state': 'wait', 'trade_uuid': None, 'price': None, 'avg_price': 0, 'volume': 5, 'remaining_volume': 5, 'executed_volume': 0, 'trades_count': 0, 'reserved_fee': 0, 'remaining_fee': 0, 'paid_fee': 0, 'locked': 5, 'executed_funds': 0, 'time_in_force': None, 'trade_timestamp': None, 'order_timestamp': 1731454940000, 'timestamp': 1731454940939, 'stream_type': 'REALTIME'}
[08:42:20.966][5][up](ASK) 주문상태:trade, {'type': 'myOrder', 'code': 'KRW-ETC', 'uuid': 'cf1aa9d7-b53b-47c9-8812-8d3215fdaea1', 'ask_bid': 'ASK', 'order_type': 'market', 'state': 'trade', 'trade_uuid': '61fb75b7-3464-404b-80ad-9e8fbf3491a1', 'price': 32820, 'avg_price': 32803.59, 'volume': 25, 'remaining_volume': 0, 'executed_volume': 25, 'trades_count': 1, 'reserved_fee': 0, 'remaining_fee': 0, 'paid_fee': 410.25, 'locked': 0, 'executed_funds': 820500, 'time_in_force': None, 'trade_timestamp': 1731454940895, 'order_timestamp': 1731454940000, 'timestamp': 1731454940950, 'stream_type': 'REALTIME'}
[08:42:20.967][5]up 77777777777 매도 완료 매수:C0105000000392443466, 매도:(cf1aa9d7-b53b-47c9-8812-8d3215fdaea1), {'type': 'myOrder', 'code': 'KRW-ETC', 'uuid': 'cf1aa9d7-b53b-47c9-8812-8d3215fdaea1', 'ask_bid': 'ASK', 'order_type': 'market', 'state': 'trade', 'trade_uuid': '61fb75b7-3464-404b-80ad-9e8fbf3491a1', 'price': 32820, 'avg_price': 32803.59, 'volume': 25, 'remaining_volume': 0, 'executed_volume': 25, 'trades_count': 1, 'reserved_fee': 0, 'remaining_fee': 0, 'paid_fee': 410.25, 'locked': 0, 'executed_funds': 820500, 'time_in_force': None, 'trade_timestamp': 1731454940895, 'order_timestamp': 1731454940000, 'timestamp': 1731454940950, 'stream_type': 'REALTIME'}
[08:42:20.993][5][up](ASK) 주문상태:done, {'type': 'myOrder', 'code': 'KRW-ETC', 'uuid': 'cf1aa9d7-b53b-47c9-8812-8d3215fdaea1', 'ask_bid': 'ASK', 'order_type': 'market', 'state': 'done', 'trade_uuid': None, 'price': None, 'avg_price': 32803.59, 'volume': 25, 'remaining_volume': 0, 'executed_volume': 25, 'trades_count': 1, 'reserved_fee': 0, 'remaining_fee': 0, 'paid_fee': 410.25, 'locked': 0, 'executed_funds': 820500, 'time_in_force': None, 'trade_timestamp': None, 'order_timestamp': 1731454940000, 'timestamp': 1731454940951, 'stream_type': 'REALTIME'}
[08:42:20.997]myOrder error:cf1aa9d7-b53b-47c9-8812-8d3215fdaea1, {'type': 'myOrder', 'code': 'KRW-ETC', 'uuid': 'cf1aa9d7-b53b-47c9-8812-8d3215fdaea1', 'ask_bid': 'ASK', 'order_type': 'market', 'state': 'trade', 'trade_uuid': '61fb75b7-3464-404b-80ad-9e8fbf3491a1', 'price': 32820, 'avg_price': 32803.59, 'volume': 25, 'remaining_volume': 0, 'executed_volume': 25, 'trades_count': 1, 'reserved_fee': 0, 'remaining_fee': 0, 'paid_fee': 410.25, 'locked': 0, 'executed_funds': 820500, 'time_in_force': None, 'trade_timestamp': 1731454940895, 'order_timestamp': 1731454940000, 'timestamp': 1731454940950, 'stream_type': 'REALTIME'}, e:Type(<class 'UnboundLocalError'>), Message(No message)
[08:42:21.006][6][up](ASK) 주문상태:trade, {'type': 'myOrder', 'code': 'KRW-ETC', 'uuid': 'd3cf4a72-03ad-4f68-9bb7-d08e63ad368b', 'ask_bid': 'ASK', 'order_type': 'market', 'state': 'trade', 'trade_uuid': 'c826e3fd-3d66-457c-802f-15cacb4a5dc0', 'price': 32820, 'avg_price': 32803.59, 'volume': 5, 'remaining_volume': 0, 'executed_volume': 5, 'trades_count': 1, 'reserved_fee': 0, 'remaining_fee': 0, 'paid_fee': 82.05, 'locked': 0, 'executed_funds': 164100, 'time_in_force': None, 'trade_timestamp': 1731454940914, 'order_timestamp': 1731454940000, 'timestamp': 1731454940992, 'stream_type': 'REALTIME'}
[08:42:21.006][6]up 77777777777 매도 완료 매수:C0105000000392443469, 매도:(d3cf4a72-03ad-4f68-9bb7-d08e63ad368b), {'type': 'myOrder', 'code': 'KRW-ETC', 'uuid': 'd3cf4a72-03ad-4f68-9bb7-d08e63ad368b', 'ask_bid': 'ASK', 'order_type': 'market', 'state': 'trade', 'trade_uuid': 'c826e3fd-3d66-457c-802f-15cacb4a5dc0', 'price': 32820, 'avg_price': 32803.59, 'volume': 5, 'remaining_volume': 0, 'executed_volume': 5, 'trades_count': 1, 'reserved_fee': 0, 'remaining_fee': 0, 'paid_fee': 82.05, 'locked': 0, 'executed_funds': 164100, 'time_in_force': None, 'trade_timestamp': 1731454940914, 'order_timestamp': 1731454940000, 'timestamp': 1731454940992, 'stream_type': 'REALTIME'}
[08:42:21.010][6][up](ASK) 주문상태:done, {'type': 'myOrder', 'code': 'KRW-ETC', 'uuid': 'd3cf4a72-03ad-4f68-9bb7-d08e63ad368b', 'ask_bid': 'ASK', 'order_type': 'market', 'state': 'done', 'trade_uuid': None, 'price': None, 'avg_price': 32803.59, 'volume': 5, 'remaining_volume': 0, 'executed_volume': 5, 'trades_count': 1, 'reserved_fee': 0, 'remaining_fee': 0, 'paid_fee': 82.05, 'locked': 0, 'executed_funds': 164100, 'time_in_force': None, 'trade_timestamp': None, 'order_timestamp': 1731454940000, 'timestamp': 1731454940992, 'stream_type': 'REALTIME'}
[08:42:21.233][6]빗썸탈출신청결과(C0105000000392443469) status_code:404 , {'error': {'name': 'order_not_found', 'message': '주문을 찾지 못했습니다.'}}
[08:42:21.236]빗썸 [6][MyApi]쓰레드 종료
[08:42:21.237][6] 666666666666666 [MyApi]stop_threads 종료 C0105000000392443469
[08:42:21.247][5]빗썸탈출신청결과(C0105000000392443466) status_code:404 , {'error': {'name': 'order_not_found', 'message': '주문을 찾지 못했습니다.'}}
[08:42:21.250]빗썸 [5][MyApi]쓰레드 종료
[08:42:21.251][5] 666666666666666 [MyApi]stop_threads 종료 C0105000000392443466
[08:44:14.450][7]업빗1111111111111매수신청 완료(0edb06b8-6d81-4b59-98d0-f849d0031765), mode:1, result:{'uuid': '0edb06b8-6d81-4b59-98d0-f849d0031765', 'side': 'bid', 'ord_type': 'limit', 'price': '32650', 'state': 'wait', 'market': 'KRW-ETC', 'created_at': '2024-11-13T08:44:14+09:00', 'volume': '25', 'remaining_volume': '25', 'reserved_fee': '408.125', 'remaining_fee': '408.125', 'paid_fee': '0', 'locked': '816658.125', 'executed_volume': '0', 'trades_count': 0}
[08:44:14.481][7][up](BID) 주문상태:wait, {'type': 'myOrder', 'code': 'KRW-ETC', 'uuid': '0edb06b8-6d81-4b59-98d0-f849d0031765', 'ask_bid': 'BID', 'order_type': 'limit', 'state': 'wait', 'trade_uuid': None, 'price': 32650, 'avg_price': 0, 'volume': 25, 'remaining_volume': 25, 'executed_volume': 0, 'trades_count': 0, 'reserved_fee': 408.125, 'remaining_fee': 408.125, 'paid_fee': 0, 'locked': 816658.125, 'executed_funds': 0, 'time_in_force': None, 'trade_timestamp': None, 'order_timestamp': 1731455054000, 'timestamp': 1731455054467, 'stream_type': 'REALTIME'}
[08:44:14.483][7]up22222222222222222 매수대기 (0edb06b8-6d81-4b59-98d0-f849d0031765),{'type': 'myOrder', 'code': 'KRW-ETC', 'uuid': '0edb06b8-6d81-4b59-98d0-f849d0031765', 'ask_bid': 'BID', 'order_type': 'limit', 'state': 'wait', 'trade_uuid': None, 'price': 32650, 'avg_price': 0, 'volume': 25, 'remaining_volume': 25, 'executed_volume': 0, 'trades_count': 0, 'reserved_fee': 408.125, 'remaining_fee': 408.125, 'paid_fee': 0, 'locked': 816658.125, 'executed_funds': 0, 'time_in_force': None, 'trade_timestamp': None, 'order_timestamp': 1731455054000, 'timestamp': 1731455054467, 'stream_type': 'REALTIME'}
[08:44:15.130][8]업빗1111111111111매수신청 완료(2a502d29-8f37-4d5c-a94f-d717c0539b0d), mode:1, result:{'uuid': '2a502d29-8f37-4d5c-a94f-d717c0539b0d', 'side': 'bid', 'ord_type': 'limit', 'price': '32650', 'state': 'wait', 'market': 'KRW-ETC', 'created_at': '2024-11-13T08:44:15+09:00', 'volume': '24.65', 'remaining_volume': '24.65', 'reserved_fee': '402.41125', 'remaining_fee': '402.41125', 'paid_fee': '0', 'locked': '805224.91125', 'executed_volume': '0', 'trades_count': 0}
[08:44:15.141][8][up](BID) 주문상태:wait, {'type': 'myOrder', 'code': 'KRW-ETC', 'uuid': '2a502d29-8f37-4d5c-a94f-d717c0539b0d', 'ask_bid': 'BID', 'order_type': 'limit', 'state': 'wait', 'trade_uuid': None, 'price': 32650, 'avg_price': 0, 'volume': 24.65, 'remaining_volume': 24.65, 'executed_volume': 0, 'trades_count': 0, 'reserved_fee': 402.41125, 'remaining_fee': 402.41125, 'paid_fee': 0, 'locked': 805224.91125, 'executed_funds': 0, 'time_in_force': None, 'trade_timestamp': None, 'order_timestamp': 1731455055000, 'timestamp': 1731455055130, 'stream_type': 'REALTIME'}
[08:44:15.142][8]up22222222222222222 매수대기 (2a502d29-8f37-4d5c-a94f-d717c0539b0d),{'type': 'myOrder', 'code': 'KRW-ETC', 'uuid': '2a502d29-8f37-4d5c-a94f-d717c0539b0d', 'ask_bid': 'BID', 'order_type': 'limit', 'state': 'wait', 'trade_uuid': None, 'price': 32650, 'avg_price': 0, 'volume': 24.65, 'remaining_volume': 24.65, 'executed_volume': 0, 'trades_count': 0, 'reserved_fee': 402.41125, 'remaining_fee': 402.41125, 'paid_fee': 0, 'locked': 805224.91125, 'executed_funds': 0, 'time_in_force': None, 'trade_timestamp': None, 'order_timestamp': 1731455055000, 'timestamp': 1731455055130, 'stream_type': 'REALTIME'}
[08:44:18.871][7]업빗탈출신청(0edb06b8-6d81-4b59-98d0-f849d0031765) mode:1, 업빗매수3까지 내려옴. 매수금액(32650.0), 매수2(32660.0)
[08:44:18.871][8]업빗탈출신청(2a502d29-8f37-4d5c-a94f-d717c0539b0d) mode:1, 업빗매수3까지 내려옴. 매수금액(32650.0), 매수2(32660.0)
[08:44:19.024][8]업빗탈출신청결과(2a502d29-8f37-4d5c-a94f-d717c0539b0d) status_code:200 , {'uuid': '2a502d29-8f37-4d5c-a94f-d717c0539b0d', 'side': 'bid', 'ord_type': 'limit', 'price': '32650', 'state': 'wait', 'market': 'KRW-ETC', 'created_at': '2024-11-13T08:44:15+09:00', 'volume': '24.65', 'remaining_volume': '24.65', 'reserved_fee': '402.41125', 'remaining_fee': '402.41125', 'paid_fee': '0', 'locked': '805224.91125', 'executed_volume': '0', 'trades_count': 0}
[08:44:19.026][7]업빗탈출신청결과(0edb06b8-6d81-4b59-98d0-f849d0031765) status_code:200 , {'uuid': '0edb06b8-6d81-4b59-98d0-f849d0031765', 'side': 'bid', 'ord_type': 'limit', 'price': '32650', 'state': 'wait', 'market': 'KRW-ETC', 'created_at': '2024-11-13T08:44:14+09:00', 'volume': '25', 'remaining_volume': '25', 'reserved_fee': '408.125', 'remaining_fee': '408.125', 'paid_fee': '0', 'locked': '816658.125', 'executed_volume': '0', 'trades_count': 0}
[08:44:19.081][8][up](BID) 주문상태:cancel, {'type': 'myOrder', 'code': 'KRW-ETC', 'uuid': '2a502d29-8f37-4d5c-a94f-d717c0539b0d', 'ask_bid': 'BID', 'order_type': 'limit', 'state': 'cancel', 'trade_uuid': None, 'price': 32650, 'avg_price': 0, 'volume': 24.65, 'remaining_volume': 24.65, 'executed_volume': 0, 'trades_count': 0, 'reserved_fee': 402.41125, 'remaining_fee': 402.41125, 'paid_fee': 0, 'locked': 805224.91125, 'executed_funds': 0, 'time_in_force': None, 'trade_timestamp': None, 'order_timestamp': 1731455055000, 'timestamp': 1731455059073, 'stream_type': 'REALTIME'}
[08:44:19.081][8]up33333333333333333 매수취소(2a502d29-8f37-4d5c-a94f-d717c0539b0d), {'type': 'myOrder', 'code': 'KRW-ETC', 'uuid': '2a502d29-8f37-4d5c-a94f-d717c0539b0d', 'ask_bid': 'BID', 'order_type': 'limit', 'state': 'cancel', 'trade_uuid': None, 'price': 32650, 'avg_price': 0, 'volume': 24.65, 'remaining_volume': 24.65, 'executed_volume': 0, 'trades_count': 0, 'reserved_fee': 402.41125, 'remaining_fee': 402.41125, 'paid_fee': 0, 'locked': 805224.91125, 'executed_funds': 0, 'time_in_force': None, 'trade_timestamp': None, 'order_timestamp': 1731455055000, 'timestamp': 1731455059073, 'stream_type': 'REALTIME'}
[08:44:19.081][8]up 4444444444444 쓰레드 정리 isclear isClear(2a502d29-8f37-4d5c-a94f-d717c0539b0d), 남은양:24.65, {'type': 'myOrder', 'code': 'KRW-ETC', 'uuid': '2a502d29-8f37-4d5c-a94f-d717c0539b0d', 'ask_bid': 'BID', 'order_type': 'limit', 'state': 'cancel', 'trade_uuid': None, 'price': 32650, 'avg_price': 0, 'volume': 24.65, 'remaining_volume': 24.65, 'executed_volume': 0, 'trades_count': 0, 'reserved_fee': 402.41125, 'remaining_fee': 402.41125, 'paid_fee': 0, 'locked': 805224.91125, 'executed_funds': 0, 'time_in_force': None, 'trade_timestamp': None, 'order_timestamp': 1731455055000, 'timestamp': 1731455059073, 'stream_type': 'REALTIME'}
[08:44:19.082][MyApi]stop_threads 시작 2a502d29-8f37-4d5c-a94f-d717c0539b0d
[08:44:19.082][7]업빗탈출신청(0edb06b8-6d81-4b59-98d0-f849d0031765) mode:1, 업빗매수3까지 내려옴. 매수금액(32650.0), 매수2(32660.0)
[08:44:19.084]업빗 [8][MyApi]쓰레드 종료
[08:44:19.084][8] 666666666666666 [MyApi]stop_threads 종료 2a502d29-8f37-4d5c-a94f-d717c0539b0d
[08:44:19.101][7][up](BID) 주문상태:cancel, {'type': 'myOrder', 'code': 'KRW-ETC', 'uuid': '0edb06b8-6d81-4b59-98d0-f849d0031765', 'ask_bid': 'BID', 'order_type': 'limit', 'state': 'cancel', 'trade_uuid': None, 'price': 32650, 'avg_price': 0, 'volume': 25, 'remaining_volume': 25, 'executed_volume': 0, 'trades_count': 0, 'reserved_fee': 408.125, 'remaining_fee': 408.125, 'paid_fee': 0, 'locked': 816658.125, 'executed_funds': 0, 'time_in_force': None, 'trade_timestamp': None, 'order_timestamp': 1731455054000, 'timestamp': 1731455059089, 'stream_type': 'REALTIME'}
[08:44:19.101][7]up33333333333333333 매수취소(0edb06b8-6d81-4b59-98d0-f849d0031765), {'type': 'myOrder', 'code': 'KRW-ETC', 'uuid': '0edb06b8-6d81-4b59-98d0-f849d0031765', 'ask_bid': 'BID', 'order_type': 'limit', 'state': 'cancel', 'trade_uuid': None, 'price': 32650, 'avg_price': 0, 'volume': 25, 'remaining_volume': 25, 'executed_volume': 0, 'trades_count': 0, 'reserved_fee': 408.125, 'remaining_fee': 408.125, 'paid_fee': 0, 'locked': 816658.125, 'executed_funds': 0, 'time_in_force': None, 'trade_timestamp': None, 'order_timestamp': 1731455054000, 'timestamp': 1731455059089, 'stream_type': 'REALTIME'}
[08:44:19.101][7]up 4444444444444 쓰레드 정리 isclear isClear(0edb06b8-6d81-4b59-98d0-f849d0031765), 남은양:25.0, {'type': 'myOrder', 'code': 'KRW-ETC', 'uuid': '0edb06b8-6d81-4b59-98d0-f849d0031765', 'ask_bid': 'BID', 'order_type': 'limit', 'state': 'cancel', 'trade_uuid': None, 'price': 32650, 'avg_price': 0, 'volume': 25, 'remaining_volume': 25, 'executed_volume': 0, 'trades_count': 0, 'reserved_fee': 408.125, 'remaining_fee': 408.125, 'paid_fee': 0, 'locked': 816658.125, 'executed_funds': 0, 'time_in_force': None, 'trade_timestamp': None, 'order_timestamp': 1731455054000, 'timestamp': 1731455059089, 'stream_type': 'REALTIME'}
[08:44:19.103][MyApi]stop_threads 시작 0edb06b8-6d81-4b59-98d0-f849d0031765
[08:44:19.169][7]업빗탈출신청결과(0edb06b8-6d81-4b59-98d0-f849d0031765) status_code:400 , {'error': {'message': '이미 취소된 주문입니다.', 'name': 'canceled_order'}}
[08:44:19.172]업빗 [7][MyApi]쓰레드 종료
[08:44:19.172][7] 666666666666666 [MyApi]stop_threads 종료 0edb06b8-6d81-4b59-98d0-f849d0031765
[08:44:30.631][9]업빗1111111111111매수신청 완료(2b2dafb5-f126-4765-b65f-0ba71b7aa297), mode:1, result:{'uuid': '2b2dafb5-f126-4765-b65f-0ba71b7aa297', 'side': 'bid', 'ord_type': 'limit', 'price': '32610', 'state': 'wait', 'market': 'KRW-ETC', 'created_at': '2024-11-13T08:44:30+09:00', 'volume': '25', 'remaining_volume': '25', 'reserved_fee': '407.625', 'remaining_fee': '407.625', 'paid_fee': '0', 'locked': '815657.625', 'executed_volume': '0', 'trades_count': 0}
[08:44:30.651][9][up](BID) 주문상태:wait, {'type': 'myOrder', 'code': 'KRW-ETC', 'uuid': '2b2dafb5-f126-4765-b65f-0ba71b7aa297', 'ask_bid': 'BID', 'order_type': 'limit', 'state': 'wait', 'trade_uuid': None, 'price': 32610, 'avg_price': 0, 'volume': 25, 'remaining_volume': 25, 'executed_volume': 0, 'trades_count': 0, 'reserved_fee': 407.625, 'remaining_fee': 407.625, 'paid_fee': 0, 'locked': 815657.625, 'executed_funds': 0, 'time_in_force': None, 'trade_timestamp': None, 'order_timestamp': 1731455070000, 'timestamp': 1731455070634, 'stream_type': 'REALTIME'}
[08:44:30.652][9]up22222222222222222 매수대기 (2b2dafb5-f126-4765-b65f-0ba71b7aa297),{'type': 'myOrder', 'code': 'KRW-ETC', 'uuid': '2b2dafb5-f126-4765-b65f-0ba71b7aa297', 'ask_bid': 'BID', 'order_type': 'limit', 'state': 'wait', 'trade_uuid': None, 'price': 32610, 'avg_price': 0, 'volume': 25, 'remaining_volume': 25, 'executed_volume': 0, 'trades_count': 0, 'reserved_fee': 407.625, 'remaining_fee': 407.625, 'paid_fee': 0, 'locked': 815657.625, 'executed_funds': 0, 'time_in_force': None, 'trade_timestamp': None, 'order_timestamp': 1731455070000, 'timestamp': 1731455070634, 'stream_type': 'REALTIME'}
[08:44:31.171][9]업빗탈출신청(2b2dafb5-f126-4765-b65f-0ba71b7aa297) mode:1, 업빗매수3까지 내려옴. 매수금액(32610.0), 매수2(32620.0)
[08:44:31.347][9]업빗탈출신청결과(2b2dafb5-f126-4765-b65f-0ba71b7aa297) status_code:200 , {'uuid': '2b2dafb5-f126-4765-b65f-0ba71b7aa297', 'side': 'bid', 'ord_type': 'limit', 'price': '32610', 'state': 'wait', 'market': 'KRW-ETC', 'created_at': '2024-11-13T08:44:30+09:00', 'volume': '25', 'remaining_volume': '25', 'reserved_fee': '407.625', 'remaining_fee': '407.625', 'paid_fee': '0', 'locked': '815657.625', 'executed_volume': '0', 'trades_count': 0}
[08:44:31.394][10]업빗1111111111111매수신청 완료(c4c20145-9547-415b-8486-24fab2314d9c), mode:1, result:{'uuid': 'c4c20145-9547-415b-8486-24fab2314d9c', 'side': 'bid', 'ord_type': 'limit', 'price': '32630', 'state': 'wait', 'market': 'KRW-ETC', 'created_at': '2024-11-13T08:44:31+09:00', 'volume': '24.65', 'remaining_volume': '24.65', 'reserved_fee': '402.16475', 'remaining_fee': '402.16475', 'paid_fee': '0', 'locked': '804731.66475', 'executed_volume': '0', 'trades_count': 0}
[08:44:31.412][9][up](BID) 주문상태:cancel, {'type': 'myOrder', 'code': 'KRW-ETC', 'uuid': '2b2dafb5-f126-4765-b65f-0ba71b7aa297', 'ask_bid': 'BID', 'order_type': 'limit', 'state': 'cancel', 'trade_uuid': None, 'price': 32610, 'avg_price': 0, 'volume': 25, 'remaining_volume': 25, 'executed_volume': 0, 'trades_count': 0, 'reserved_fee': 407.625, 'remaining_fee': 407.625, 'paid_fee': 0, 'locked': 815657.625, 'executed_funds': 0, 'time_in_force': None, 'trade_timestamp': None, 'order_timestamp': 1731455070000, 'timestamp': 1731455071383, 'stream_type': 'REALTIME'}
[08:44:31.412][9]up33333333333333333 매수취소(2b2dafb5-f126-4765-b65f-0ba71b7aa297), {'type': 'myOrder', 'code': 'KRW-ETC', 'uuid': '2b2dafb5-f126-4765-b65f-0ba71b7aa297', 'ask_bid': 'BID', 'order_type': 'limit', 'state': 'cancel', 'trade_uuid': None, 'price': 32610, 'avg_price': 0, 'volume': 25, 'remaining_volume': 25, 'executed_volume': 0, 'trades_count': 0, 'reserved_fee': 407.625, 'remaining_fee': 407.625, 'paid_fee': 0, 'locked': 815657.625, 'executed_funds': 0, 'time_in_force': None, 'trade_timestamp': None, 'order_timestamp': 1731455070000, 'timestamp': 1731455071383, 'stream_type': 'REALTIME'}
[08:44:31.412][9]up 4444444444444 쓰레드 정리 isclear isClear(2b2dafb5-f126-4765-b65f-0ba71b7aa297), 남은양:25.0, {'type': 'myOrder', 'code': 'KRW-ETC', 'uuid': '2b2dafb5-f126-4765-b65f-0ba71b7aa297', 'ask_bid': 'BID', 'order_type': 'limit', 'state': 'cancel', 'trade_uuid': None, 'price': 32610, 'avg_price': 0, 'volume': 25, 'remaining_volume': 25, 'executed_volume': 0, 'trades_count': 0, 'reserved_fee': 407.625, 'remaining_fee': 407.625, 'paid_fee': 0, 'locked': 815657.625, 'executed_funds': 0, 'time_in_force': None, 'trade_timestamp': None, 'order_timestamp': 1731455070000, 'timestamp': 1731455071383, 'stream_type': 'REALTIME'}
[08:44:31.414][MyApi]stop_threads 시작 2b2dafb5-f126-4765-b65f-0ba71b7aa297
[08:44:31.418]업빗 [9][MyApi]쓰레드 종료
[08:44:31.418][9] 666666666666666 [MyApi]stop_threads 종료 2b2dafb5-f126-4765-b65f-0ba71b7aa297
[08:44:31.423][10][up](BID) 주문상태:wait, {'type': 'myOrder', 'code': 'KRW-ETC', 'uuid': 'c4c20145-9547-415b-8486-24fab2314d9c', 'ask_bid': 'BID', 'order_type': 'limit', 'state': 'wait', 'trade_uuid': None, 'price': 32630, 'avg_price': 0, 'volume': 24.65, 'remaining_volume': 24.65, 'executed_volume': 0, 'trades_count': 0, 'reserved_fee': 402.16475, 'remaining_fee': 402.16475, 'paid_fee': 0, 'locked': 804731.66475, 'executed_funds': 0, 'time_in_force': None, 'trade_timestamp': None, 'order_timestamp': 1731455071000, 'timestamp': 1731455071408, 'stream_type': 'REALTIME'}
[08:44:31.426][10]up22222222222222222 매수대기 (c4c20145-9547-415b-8486-24fab2314d9c),{'type': 'myOrder', 'code': 'KRW-ETC', 'uuid': 'c4c20145-9547-415b-8486-24fab2314d9c', 'ask_bid': 'BID', 'order_type': 'limit', 'state': 'wait', 'trade_uuid': None, 'price': 32630, 'avg_price': 0, 'volume': 24.65, 'remaining_volume': 24.65, 'executed_volume': 0, 'trades_count': 0, 'reserved_fee': 402.16475, 'remaining_fee': 402.16475, 'paid_fee': 0, 'locked': 804731.66475, 'executed_funds': 0, 'time_in_force': None, 'trade_timestamp': None, 'order_timestamp': 1731455071000, 'timestamp': 1731455071408, 'stream_type': 'REALTIME'}
[08:44:31.792][10]업빗탈출신청(c4c20145-9547-415b-8486-24fab2314d9c) mode:1, 최종적으로 수량 부족으로 탈출. 빗썸매수2차익:20.0, BitToUp:22.869, UpToBit:22.841, 남은매수/신청매수:24.65/24.65, buy_amount:0.0001, get_total_units:0, up_buy1_amount:0.0001, up_buy2_amount:54.0503
[08:44:31.931][10]업빗탈출신청결과(c4c20145-9547-415b-8486-24fab2314d9c) status_code:200 , {'uuid': 'c4c20145-9547-415b-8486-24fab2314d9c', 'side': 'bid', 'ord_type': 'limit', 'price': '32630', 'state': 'wait', 'market': 'KRW-ETC', 'created_at': '2024-11-13T08:44:31+09:00', 'volume': '24.65', 'remaining_volume': '24.65', 'reserved_fee': '402.16475', 'remaining_fee': '402.16475', 'paid_fee': '0', 'locked': '804731.66475', 'executed_volume': '0', 'trades_count': 0}
[08:44:31.962][10][up](BID) 주문상태:cancel, {'type': 'myOrder', 'code': 'KRW-ETC', 'uuid': 'c4c20145-9547-415b-8486-24fab2314d9c', 'ask_bid': 'BID', 'order_type': 'limit', 'state': 'cancel', 'trade_uuid': None, 'price': 32630, 'avg_price': 0, 'volume': 24.65, 'remaining_volume': 24.65, 'executed_volume': 0, 'trades_count': 0, 'reserved_fee': 402.16475, 'remaining_fee': 402.16475, 'paid_fee': 0, 'locked': 804731.66475, 'executed_funds': 0, 'time_in_force': None, 'trade_timestamp': None, 'order_timestamp': 1731455071000, 'timestamp': 1731455071945, 'stream_type': 'REALTIME'}
[08:44:31.962][10]up33333333333333333 매수취소(c4c20145-9547-415b-8486-24fab2314d9c), {'type': 'myOrder', 'code': 'KRW-ETC', 'uuid': 'c4c20145-9547-415b-8486-24fab2314d9c', 'ask_bid': 'BID', 'order_type': 'limit', 'state': 'cancel', 'trade_uuid': None, 'price': 32630, 'avg_price': 0, 'volume': 24.65, 'remaining_volume': 24.65, 'executed_volume': 0, 'trades_count': 0, 'reserved_fee': 402.16475, 'remaining_fee': 402.16475, 'paid_fee': 0, 'locked': 804731.66475, 'executed_funds': 0, 'time_in_force': None, 'trade_timestamp': None, 'order_timestamp': 1731455071000, 'timestamp': 1731455071945, 'stream_type': 'REALTIME'}
[08:44:31.962][10]up 4444444444444 쓰레드 정리 isclear isClear(c4c20145-9547-415b-8486-24fab2314d9c), 남은양:24.65, {'type': 'myOrder', 'code': 'KRW-ETC', 'uuid': 'c4c20145-9547-415b-8486-24fab2314d9c', 'ask_bid': 'BID', 'order_type': 'limit', 'state': 'cancel', 'trade_uuid': None, 'price': 32630, 'avg_price': 0, 'volume': 24.65, 'remaining_volume': 24.65, 'executed_volume': 0, 'trades_count': 0, 'reserved_fee': 402.16475, 'remaining_fee': 402.16475, 'paid_fee': 0, 'locked': 804731.66475, 'executed_funds': 0, 'time_in_force': None, 'trade_timestamp': None, 'order_timestamp': 1731455071000, 'timestamp': 1731455071945, 'stream_type': 'REALTIME'}
[08:44:31.964][MyApi]stop_threads 시작 c4c20145-9547-415b-8486-24fab2314d9c
[08:44:31.967]업빗 [10][MyApi]쓰레드 종료
[08:44:31.967][10] 666666666666666 [MyApi]stop_threads 종료 c4c20145-9547-415b-8486-24fab2314d9c
[08:46:54.004][11]업빗1111111111111매수신청 완료(4e60d47b-c39e-45fe-8840-598983d9ad2e), mode:1, result:{'uuid': '4e60d47b-c39e-45fe-8840-598983d9ad2e', 'side': 'bid', 'ord_type': 'limit', 'price': '32610', 'state': 'wait', 'market': 'KRW-ETC', 'created_at': '2024-11-13T08:46:53+09:00', 'volume': '0.6806', 'remaining_volume': '0.6806', 'reserved_fee': '11.097183', 'remaining_fee': '11.097183', 'paid_fee': '0', 'locked': '22205.463183', 'executed_volume': '0', 'trades_count': 0}
[08:46:54.032][11][up](BID) 주문상태:wait, {'type': 'myOrder', 'code': 'KRW-ETC', 'uuid': '4e60d47b-c39e-45fe-8840-598983d9ad2e', 'ask_bid': 'BID', 'order_type': 'limit', 'state': 'wait', 'trade_uuid': None, 'price': 32610, 'avg_price': 0, 'volume': 0.6806, 'remaining_volume': 0.6806, 'executed_volume': 0, 'trades_count': 0, 'reserved_fee': 11.097183, 'remaining_fee': 11.097183, 'paid_fee': 0, 'locked': 22205.463183, 'executed_funds': 0, 'time_in_force': None, 'trade_timestamp': None, 'order_timestamp': 1731455213000, 'timestamp': 1731455214015, 'stream_type': 'REALTIME'}
[08:46:54.034][11]up22222222222222222 매수대기 (4e60d47b-c39e-45fe-8840-598983d9ad2e),{'type': 'myOrder', 'code': 'KRW-ETC', 'uuid': '4e60d47b-c39e-45fe-8840-598983d9ad2e', 'ask_bid': 'BID', 'order_type': 'limit', 'state': 'wait', 'trade_uuid': None, 'price': 32610, 'avg_price': 0, 'volume': 0.6806, 'remaining_volume': 0.6806, 'executed_volume': 0, 'trades_count': 0, 'reserved_fee': 11.097183, 'remaining_fee': 11.097183, 'paid_fee': 0, 'locked': 22205.463183, 'executed_funds': 0, 'time_in_force': None, 'trade_timestamp': None, 'order_timestamp': 1731455213000, 'timestamp': 1731455214015, 'stream_type': 'REALTIME'}
[08:46:57.331][12]업빗1111111111111매수신청 완료(f6de646f-acc7-4010-a977-06c5f90c5b1c), mode:1, result:{'uuid': 'f6de646f-acc7-4010-a977-06c5f90c5b1c', 'side': 'bid', 'ord_type': 'limit', 'price': '32620', 'state': 'wait', 'market': 'KRW-ETC', 'created_at': '2024-11-13T08:46:57+09:00', 'volume': '25', 'remaining_volume': '25', 'reserved_fee': '407.75', 'remaining_fee': '407.75', 'paid_fee': '0', 'locked': '815907.75', 'executed_volume': '0', 'trades_count': 0}
[08:46:57.361][12][up](BID) 주문상태:wait, {'type': 'myOrder', 'code': 'KRW-ETC', 'uuid': 'f6de646f-acc7-4010-a977-06c5f90c5b1c', 'ask_bid': 'BID', 'order_type': 'limit', 'state': 'wait', 'trade_uuid': None, 'price': 32620, 'avg_price': 0, 'volume': 25, 'remaining_volume': 25, 'executed_volume': 0, 'trades_count': 0, 'reserved_fee': 407.75, 'remaining_fee': 407.75, 'paid_fee': 0, 'locked': 815907.75, 'executed_funds': 0, 'time_in_force': None, 'trade_timestamp': None, 'order_timestamp': 1731455217000, 'timestamp': 1731455217355, 'stream_type': 'REALTIME'}
[08:46:57.362][12]up22222222222222222 매수대기 (f6de646f-acc7-4010-a977-06c5f90c5b1c),{'type': 'myOrder', 'code': 'KRW-ETC', 'uuid': 'f6de646f-acc7-4010-a977-06c5f90c5b1c', 'ask_bid': 'BID', 'order_type': 'limit', 'state': 'wait', 'trade_uuid': None, 'price': 32620, 'avg_price': 0, 'volume': 25, 'remaining_volume': 25, 'executed_volume': 0, 'trades_count': 0, 'reserved_fee': 407.75, 'remaining_fee': 407.75, 'paid_fee': 0, 'locked': 815907.75, 'executed_funds': 0, 'time_in_force': None, 'trade_timestamp': None, 'order_timestamp': 1731455217000, 'timestamp': 1731455217355, 'stream_type': 'REALTIME'}
[08:46:57.870][11]업빗탈출신청(4e60d47b-c39e-45fe-8840-598983d9ad2e) mode:1, 업빗매수3까지 내려옴. 매수금액(32610.0), 매수2(32620.0)
[08:46:58.029][11]업빗탈출신청결과(4e60d47b-c39e-45fe-8840-598983d9ad2e) status_code:200 , {'uuid': '4e60d47b-c39e-45fe-8840-598983d9ad2e', 'side': 'bid', 'ord_type': 'limit', 'price': '32610', 'state': 'wait', 'market': 'KRW-ETC', 'created_at': '2024-11-13T08:46:53+09:00', 'volume': '0.6806', 'remaining_volume': '0.6806', 'reserved_fee': '11.097183', 'remaining_fee': '11.097183', 'paid_fee': '0', 'locked': '22205.463183', 'executed_volume': '0', 'trades_count': 0}
[08:46:58.112][11][up](BID) 주문상태:cancel, {'type': 'myOrder', 'code': 'KRW-ETC', 'uuid': '4e60d47b-c39e-45fe-8840-598983d9ad2e', 'ask_bid': 'BID', 'order_type': 'limit', 'state': 'cancel', 'trade_uuid': None, 'price': 32610, 'avg_price': 0, 'volume': 0.6806, 'remaining_volume': 0.6806, 'executed_volume': 0, 'trades_count': 0, 'reserved_fee': 11.097183, 'remaining_fee': 11.097183, 'paid_fee': 0, 'locked': 22205.463183, 'executed_funds': 0, 'time_in_force': None, 'trade_timestamp': None, 'order_timestamp': 1731455213000, 'timestamp': 1731455218102, 'stream_type': 'REALTIME'}
[08:46:58.112][11]up33333333333333333 매수취소(4e60d47b-c39e-45fe-8840-598983d9ad2e), {'type': 'myOrder', 'code': 'KRW-ETC', 'uuid': '4e60d47b-c39e-45fe-8840-598983d9ad2e', 'ask_bid': 'BID', 'order_type': 'limit', 'state': 'cancel', 'trade_uuid': None, 'price': 32610, 'avg_price': 0, 'volume': 0.6806, 'remaining_volume': 0.6806, 'executed_volume': 0, 'trades_count': 0, 'reserved_fee': 11.097183, 'remaining_fee': 11.097183, 'paid_fee': 0, 'locked': 22205.463183, 'executed_funds': 0, 'time_in_force': None, 'trade_timestamp': None, 'order_timestamp': 1731455213000, 'timestamp': 1731455218102, 'stream_type': 'REALTIME'}
[08:46:58.112][11]up 4444444444444 쓰레드 정리 isclear isClear(4e60d47b-c39e-45fe-8840-598983d9ad2e), 남은양:0.6806, {'type': 'myOrder', 'code': 'KRW-ETC', 'uuid': '4e60d47b-c39e-45fe-8840-598983d9ad2e', 'ask_bid': 'BID', 'order_type': 'limit', 'state': 'cancel', 'trade_uuid': None, 'price': 32610, 'avg_price': 0, 'volume': 0.6806, 'remaining_volume': 0.6806, 'executed_volume': 0, 'trades_count': 0, 'reserved_fee': 11.097183, 'remaining_fee': 11.097183, 'paid_fee': 0, 'locked': 22205.463183, 'executed_funds': 0, 'time_in_force': None, 'trade_timestamp': None, 'order_timestamp': 1731455213000, 'timestamp': 1731455218102, 'stream_type': 'REALTIME'}
[08:46:58.114][MyApi]stop_threads 시작 4e60d47b-c39e-45fe-8840-598983d9ad2e
[08:46:58.115]업빗 [11][MyApi]쓰레드 종료
[08:46:58.115][11] 666666666666666 [MyApi]stop_threads 종료 4e60d47b-c39e-45fe-8840-598983d9ad2e
[08:46:58.858][12]업빗탈출신청(f6de646f-acc7-4010-a977-06c5f90c5b1c) mode:1, 최종적으로 수량 부족으로 탈출. 빗썸매수2차익:0.0, BitToUp:22.848, UpToBit:22.869, 남은매수/신청매수:25.0/25.0, buy_amount:0.6806, get_total_units:0, up_buy1_amount:0.6806, up_buy2_amount:130.7885
[08:46:58.971][12]업빗탈출신청결과(f6de646f-acc7-4010-a977-06c5f90c5b1c) status_code:200 , {'uuid': 'f6de646f-acc7-4010-a977-06c5f90c5b1c', 'side': 'bid', 'ord_type': 'limit', 'price': '32620', 'state': 'wait', 'market': 'KRW-ETC', 'created_at': '2024-11-13T08:46:57+09:00', 'volume': '25', 'remaining_volume': '25', 'reserved_fee': '407.75', 'remaining_fee': '407.75', 'paid_fee': '0', 'locked': '815907.75', 'executed_volume': '0', 'trades_count': 0}
[08:46:59.052][12][up](BID) 주문상태:cancel, {'type': 'myOrder', 'code': 'KRW-ETC', 'uuid': 'f6de646f-acc7-4010-a977-06c5f90c5b1c', 'ask_bid': 'BID', 'order_type': 'limit', 'state': 'cancel', 'trade_uuid': None, 'price': 32620, 'avg_price': 0, 'volume': 25, 'remaining_volume': 25, 'executed_volume': 0, 'trades_count': 0, 'reserved_fee': 407.75, 'remaining_fee': 407.75, 'paid_fee': 0, 'locked': 815907.75, 'executed_funds': 0, 'time_in_force': None, 'trade_timestamp': None, 'order_timestamp': 1731455217000, 'timestamp': 1731455219044, 'stream_type': 'REALTIME'}
[08:46:59.052][12]up33333333333333333 매수취소(f6de646f-acc7-4010-a977-06c5f90c5b1c), {'type': 'myOrder', 'code': 'KRW-ETC', 'uuid': 'f6de646f-acc7-4010-a977-06c5f90c5b1c', 'ask_bid': 'BID', 'order_type': 'limit', 'state': 'cancel', 'trade_uuid': None, 'price': 32620, 'avg_price': 0, 'volume': 25, 'remaining_volume': 25, 'executed_volume': 0, 'trades_count': 0, 'reserved_fee': 407.75, 'remaining_fee': 407.75, 'paid_fee': 0, 'locked': 815907.75, 'executed_funds': 0, 'time_in_force': None, 'trade_timestamp': None, 'order_timestamp': 1731455217000, 'timestamp': 1731455219044, 'stream_type': 'REALTIME'}
[08:46:59.052][12]up 4444444444444 쓰레드 정리 isclear isClear(f6de646f-acc7-4010-a977-06c5f90c5b1c), 남은양:25.0, {'type': 'myOrder', 'code': 'KRW-ETC', 'uuid': 'f6de646f-acc7-4010-a977-06c5f90c5b1c', 'ask_bid': 'BID', 'order_type': 'limit', 'state': 'cancel', 'trade_uuid': None, 'price': 32620, 'avg_price': 0, 'volume': 25, 'remaining_volume': 25, 'executed_volume': 0, 'trades_count': 0, 'reserved_fee': 407.75, 'remaining_fee': 407.75, 'paid_fee': 0, 'locked': 815907.75, 'executed_funds': 0, 'time_in_force': None, 'trade_timestamp': None, 'order_timestamp': 1731455217000, 'timestamp': 1731455219044, 'stream_type': 'REALTIME'}
[08:46:59.053][MyApi]stop_threads 시작 f6de646f-acc7-4010-a977-06c5f90c5b1c
[08:46:59.057]업빗 [12][MyApi]쓰레드 종료
[08:46:59.058][12] 666666666666666 [MyApi]stop_threads 종료 f6de646f-acc7-4010-a977-06c5f90c5b1c
[08:48:02.924][13]업빗1111111111111매수신청 완료(8140546b-cd5a-4633-9262-a8e1544cce12), mode:1, result:{'uuid': '8140546b-cd5a-4633-9262-a8e1544cce12', 'side': 'bid', 'ord_type': 'limit', 'price': '32600', 'state': 'wait', 'market': 'KRW-ETC', 'created_at': '2024-11-13T08:48:02+09:00', 'volume': '1.6461', 'remaining_volume': '1.6461', 'reserved_fee': '26.83143', 'remaining_fee': '26.83143', 'paid_fee': '0', 'locked': '53689.69143', 'executed_volume': '0', 'trades_count': 0}
[08:48:02.952][13][up](BID) 주문상태:wait, {'type': 'myOrder', 'code': 'KRW-ETC', 'uuid': '8140546b-cd5a-4633-9262-a8e1544cce12', 'ask_bid': 'BID', 'order_type': 'limit', 'state': 'wait', 'trade_uuid': None, 'price': 32600, 'avg_price': 0, 'volume': 1.6461, 'remaining_volume': 1.6461, 'executed_volume': 0, 'trades_count': 0, 'reserved_fee': 26.83143, 'remaining_fee': 26.83143, 'paid_fee': 0, 'locked': 53689.69143, 'executed_funds': 0, 'time_in_force': None, 'trade_timestamp': None, 'order_timestamp': 1731455282000, 'timestamp': 1731455282944, 'stream_type': 'REALTIME'}
[08:48:02.954][13]up22222222222222222 매수대기 (8140546b-cd5a-4633-9262-a8e1544cce12),{'type': 'myOrder', 'code': 'KRW-ETC', 'uuid': '8140546b-cd5a-4633-9262-a8e1544cce12', 'ask_bid': 'BID', 'order_type': 'limit', 'state': 'wait', 'trade_uuid': None, 'price': 32600, 'avg_price': 0, 'volume': 1.6461, 'remaining_volume': 1.6461, 'executed_volume': 0, 'trades_count': 0, 'reserved_fee': 26.83143, 'remaining_fee': 26.83143, 'paid_fee': 0, 'locked': 53689.69143, 'executed_funds': 0, 'time_in_force': None, 'trade_timestamp': None, 'order_timestamp': 1731455282000, 'timestamp': 1731455282944, 'stream_type': 'REALTIME'}
[08:48:03.545][13]업빗탈출신청(8140546b-cd5a-4633-9262-a8e1544cce12) mode:1, 최종적으로 수량 부족으로 탈출. 빗썸매수2차익:20.0, BitToUp:22.841, UpToBit:22.82, 남은매수/신청매수:1.6461/1.6461, buy_amount:0.0001, get_total_units:0, up_buy1_amount:0.0001, up_buy2_amount:46.5885
[08:48:03.662][13]업빗탈출신청결과(8140546b-cd5a-4633-9262-a8e1544cce12) status_code:200 , {'uuid': '8140546b-cd5a-4633-9262-a8e1544cce12', 'side': 'bid', 'ord_type': 'limit', 'price': '32600', 'state': 'wait', 'market': 'KRW-ETC', 'created_at': '2024-11-13T08:48:02+09:00', 'volume': '1.6461', 'remaining_volume': '1.6461', 'reserved_fee': '26.83143', 'remaining_fee': '26.83143', 'paid_fee': '0', 'locked': '53689.69143', 'executed_volume': '0', 'trades_count': 0}
[08:48:03.671][13]업빗탈출신청(8140546b-cd5a-4633-9262-a8e1544cce12) mode:1, 최종적으로 수량 부족으로 탈출. 빗썸매수2차익:20.0, BitToUp:22.841, UpToBit:22.82, 남은매수/신청매수:1.6461/1.6461, buy_amount:0.0001, get_total_units:0, up_buy1_amount:0.0001, up_buy2_amount:46.5885
[08:48:03.722][13][up](BID) 주문상태:cancel, {'type': 'myOrder', 'code': 'KRW-ETC', 'uuid': '8140546b-cd5a-4633-9262-a8e1544cce12', 'ask_bid': 'BID', 'order_type': 'limit', 'state': 'cancel', 'trade_uuid': None, 'price': 32600, 'avg_price': 0, 'volume': 1.6461, 'remaining_volume': 1.6461, 'executed_volume': 0, 'trades_count': 0, 'reserved_fee': 26.83143, 'remaining_fee': 26.83143, 'paid_fee': 0, 'locked': 53689.69143, 'executed_funds': 0, 'time_in_force': None, 'trade_timestamp': None, 'order_timestamp': 1731455282000, 'timestamp': 1731455283711, 'stream_type': 'REALTIME'}
[08:48:03.722][13]up33333333333333333 매수취소(8140546b-cd5a-4633-9262-a8e1544cce12), {'type': 'myOrder', 'code': 'KRW-ETC', 'uuid': '8140546b-cd5a-4633-9262-a8e1544cce12', 'ask_bid': 'BID', 'order_type': 'limit', 'state': 'cancel', 'trade_uuid': None, 'price': 32600, 'avg_price': 0, 'volume': 1.6461, 'remaining_volume': 1.6461, 'executed_volume': 0, 'trades_count': 0, 'reserved_fee': 26.83143, 'remaining_fee': 26.83143, 'paid_fee': 0, 'locked': 53689.69143, 'executed_funds': 0, 'time_in_force': None, 'trade_timestamp': None, 'order_timestamp': 1731455282000, 'timestamp': 1731455283711, 'stream_type': 'REALTIME'}
[08:48:03.722][13]up 4444444444444 쓰레드 정리 isclear isClear(8140546b-cd5a-4633-9262-a8e1544cce12), 남은양:1.6461, {'type': 'myOrder', 'code': 'KRW-ETC', 'uuid': '8140546b-cd5a-4633-9262-a8e1544cce12', 'ask_bid': 'BID', 'order_type': 'limit', 'state': 'cancel', 'trade_uuid': None, 'price': 32600, 'avg_price': 0, 'volume': 1.6461, 'remaining_volume': 1.6461, 'executed_volume': 0, 'trades_count': 0, 'reserved_fee': 26.83143, 'remaining_fee': 26.83143, 'paid_fee': 0, 'locked': 53689.69143, 'executed_funds': 0, 'time_in_force': None, 'trade_timestamp': None, 'order_timestamp': 1731455282000, 'timestamp': 1731455283711, 'stream_type': 'REALTIME'}
[08:48:03.725][MyApi]stop_threads 시작 8140546b-cd5a-4633-9262-a8e1544cce12
[08:48:03.818][13]업빗탈출신청결과(8140546b-cd5a-4633-9262-a8e1544cce12) status_code:400 , {'error': {'name': 'canceled_order', 'message': '이미 취소된 주문입니다.'}}
[08:48:03.823]업빗 [13][MyApi]쓰레드 종료
[08:48:03.823][13] 666666666666666 [MyApi]stop_threads 종료 8140546b-cd5a-4633-9262-a8e1544cce12
[08:48:05.803][14]업빗1111111111111매수신청 완료(eae3e194-61d8-440f-9119-ce7d6e30a9a6), mode:1, result:{'uuid': 'eae3e194-61d8-440f-9119-ce7d6e30a9a6', 'side': 'bid', 'ord_type': 'limit', 'price': '32600', 'state': 'wait', 'market': 'KRW-ETC', 'created_at': '2024-11-13T08:48:05+09:00', 'volume': '25', 'remaining_volume': '25', 'reserved_fee': '407.5', 'remaining_fee': '407.5', 'paid_fee': '0', 'locked': '815407.5', 'executed_volume': '0', 'trades_count': 0}
[08:48:05.843][14][up](BID) 주문상태:wait, {'type': 'myOrder', 'code': 'KRW-ETC', 'uuid': 'eae3e194-61d8-440f-9119-ce7d6e30a9a6', 'ask_bid': 'BID', 'order_type': 'limit', 'state': 'wait', 'trade_uuid': None, 'price': 32600, 'avg_price': 0, 'volume': 25, 'remaining_volume': 25, 'executed_volume': 0, 'trades_count': 0, 'reserved_fee': 407.5, 'remaining_fee': 407.5, 'paid_fee': 0, 'locked': 815407.5, 'executed_funds': 0, 'time_in_force': None, 'trade_timestamp': None, 'order_timestamp': 1731455285000, 'timestamp': 1731455285824, 'stream_type': 'REALTIME'}
[08:48:05.845][14]up22222222222222222 매수대기 (eae3e194-61d8-440f-9119-ce7d6e30a9a6),{'type': 'myOrder', 'code': 'KRW-ETC', 'uuid': 'eae3e194-61d8-440f-9119-ce7d6e30a9a6', 'ask_bid': 'BID', 'order_type': 'limit', 'state': 'wait', 'trade_uuid': None, 'price': 32600, 'avg_price': 0, 'volume': 25, 'remaining_volume': 25, 'executed_volume': 0, 'trades_count': 0, 'reserved_fee': 407.5, 'remaining_fee': 407.5, 'paid_fee': 0, 'locked': 815407.5, 'executed_funds': 0, 'time_in_force': None, 'trade_timestamp': None, 'order_timestamp': 1731455285000, 'timestamp': 1731455285824, 'stream_type': 'REALTIME'}
[08:48:05.970][14]업빗탈출신청(eae3e194-61d8-440f-9119-ce7d6e30a9a6) mode:1, 업빗매수3까지 내려옴. 매수금액(32600.0), 매수2(32610.0)
[08:48:06.100][14]업빗탈출신청결과(eae3e194-61d8-440f-9119-ce7d6e30a9a6) status_code:200 , {'uuid': 'eae3e194-61d8-440f-9119-ce7d6e30a9a6', 'side': 'bid', 'ord_type': 'limit', 'price': '32600', 'state': 'wait', 'market': 'KRW-ETC', 'created_at': '2024-11-13T08:48:05+09:00', 'volume': '25', 'remaining_volume': '25', 'reserved_fee': '407.5', 'remaining_fee': '407.5', 'paid_fee': '0', 'locked': '815407.5', 'executed_volume': '0', 'trades_count': 0}
[08:48:06.162][14][up](BID) 주문상태:cancel, {'type': 'myOrder', 'code': 'KRW-ETC', 'uuid': 'eae3e194-61d8-440f-9119-ce7d6e30a9a6', 'ask_bid': 'BID', 'order_type': 'limit', 'state': 'cancel', 'trade_uuid': None, 'price': 32600, 'avg_price': 0, 'volume': 25, 'remaining_volume': 25, 'executed_volume': 0, 'trades_count': 0, 'reserved_fee': 407.5, 'remaining_fee': 407.5, 'paid_fee': 0, 'locked': 815407.5, 'executed_funds': 0, 'time_in_force': None, 'trade_timestamp': None, 'order_timestamp': 1731455285000, 'timestamp': 1731455286150, 'stream_type': 'REALTIME'}
[08:48:06.163][14]up33333333333333333 매수취소(eae3e194-61d8-440f-9119-ce7d6e30a9a6), {'type': 'myOrder', 'code': 'KRW-ETC', 'uuid': 'eae3e194-61d8-440f-9119-ce7d6e30a9a6', 'ask_bid': 'BID', 'order_type': 'limit', 'state': 'cancel', 'trade_uuid': None, 'price': 32600, 'avg_price': 0, 'volume': 25, 'remaining_volume': 25, 'executed_volume': 0, 'trades_count': 0, 'reserved_fee': 407.5, 'remaining_fee': 407.5, 'paid_fee': 0, 'locked': 815407.5, 'executed_funds': 0, 'time_in_force': None, 'trade_timestamp': None, 'order_timestamp': 1731455285000, 'timestamp': 1731455286150, 'stream_type': 'REALTIME'}
[08:48:06.163][14]up 4444444444444 쓰레드 정리 isclear isClear(eae3e194-61d8-440f-9119-ce7d6e30a9a6), 남은양:25.0, {'type': 'myOrder', 'code': 'KRW-ETC', 'uuid': 'eae3e194-61d8-440f-9119-ce7d6e30a9a6', 'ask_bid': 'BID', 'order_type': 'limit', 'state': 'cancel', 'trade_uuid': None, 'price': 32600, 'avg_price': 0, 'volume': 25, 'remaining_volume': 25, 'executed_volume': 0, 'trades_count': 0, 'reserved_fee': 407.5, 'remaining_fee': 407.5, 'paid_fee': 0, 'locked': 815407.5, 'executed_funds': 0, 'time_in_force': None, 'trade_timestamp': None, 'order_timestamp': 1731455285000, 'timestamp': 1731455286150, 'stream_type': 'REALTIME'}
[08:48:06.164][MyApi]stop_threads 시작 eae3e194-61d8-440f-9119-ce7d6e30a9a6
[08:48:06.165]업빗 [14][MyApi]쓰레드 종료
[08:48:06.166][14] 666666666666666 [MyApi]stop_threads 종료 eae3e194-61d8-440f-9119-ce7d6e30a9a6
[08:48:08.223][15]업빗1111111111111매수신청 완료(6fd5fd26-0144-418b-93e6-36b66b9a95d4), mode:1, result:{'uuid': '6fd5fd26-0144-418b-93e6-36b66b9a95d4', 'side': 'bid', 'ord_type': 'limit', 'price': '32610', 'state': 'wait', 'market': 'KRW-ETC', 'created_at': '2024-11-13T08:48:08+09:00', 'volume': '25', 'remaining_volume': '25', 'reserved_fee': '407.625', 'remaining_fee': '407.625', 'paid_fee': '0', 'locked': '815657.625', 'executed_volume': '0', 'trades_count': 0}
[08:48:08.252][15][up](BID) 주문상태:wait, {'type': 'myOrder', 'code': 'KRW-ETC', 'uuid': '6fd5fd26-0144-418b-93e6-36b66b9a95d4', 'ask_bid': 'BID', 'order_type': 'limit', 'state': 'wait', 'trade_uuid': None, 'price': 32610, 'avg_price': 0, 'volume': 25, 'remaining_volume': 25, 'executed_volume': 0, 'trades_count': 0, 'reserved_fee': 407.625, 'remaining_fee': 407.625, 'paid_fee': 0, 'locked': 815657.625, 'executed_funds': 0, 'time_in_force': None, 'trade_timestamp': None, 'order_timestamp': 1731455288000, 'timestamp': 1731455288237, 'stream_type': 'REALTIME'}
[08:48:08.253][15]up22222222222222222 매수대기 (6fd5fd26-0144-418b-93e6-36b66b9a95d4),{'type': 'myOrder', 'code': 'KRW-ETC', 'uuid': '6fd5fd26-0144-418b-93e6-36b66b9a95d4', 'ask_bid': 'BID', 'order_type': 'limit', 'state': 'wait', 'trade_uuid': None, 'price': 32610, 'avg_price': 0, 'volume': 25, 'remaining_volume': 25, 'executed_volume': 0, 'trades_count': 0, 'reserved_fee': 407.625, 'remaining_fee': 407.625, 'paid_fee': 0, 'locked': 815657.625, 'executed_funds': 0, 'time_in_force': None, 'trade_timestamp': None, 'order_timestamp': 1731455288000, 'timestamp': 1731455288237, 'stream_type': 'REALTIME'}
[08:48:08.971][16]업빗1111111111111매수신청 완료(2401c573-c1da-42a7-8a3f-78674acd1b42), mode:1, result:{'uuid': '2401c573-c1da-42a7-8a3f-78674acd1b42', 'side': 'bid', 'ord_type': 'limit', 'price': '32610', 'state': 'wait', 'market': 'KRW-ETC', 'created_at': '2024-11-13T08:48:08+09:00', 'volume': '24.65', 'remaining_volume': '24.65', 'reserved_fee': '401.91825', 'remaining_fee': '401.91825', 'paid_fee': '0', 'locked': '804238.41825', 'executed_volume': '0', 'trades_count': 0}
[08:48:09.005][16][up](BID) 주문상태:wait, {'type': 'myOrder', 'code': 'KRW-ETC', 'uuid': '2401c573-c1da-42a7-8a3f-78674acd1b42', 'ask_bid': 'BID', 'order_type': 'limit', 'state': 'wait', 'trade_uuid': None, 'price': 32610, 'avg_price': 0, 'volume': 24.65, 'remaining_volume': 24.65, 'executed_volume': 0, 'trades_count': 0, 'reserved_fee': 401.91825, 'remaining_fee': 401.91825, 'paid_fee': 0, 'locked': 804238.41825, 'executed_funds': 0, 'time_in_force': None, 'trade_timestamp': None, 'order_timestamp': 1731455288000, 'timestamp': 1731455288988, 'stream_type': 'REALTIME'}
[08:48:09.006][16]up22222222222222222 매수대기 (2401c573-c1da-42a7-8a3f-78674acd1b42),{'type': 'myOrder', 'code': 'KRW-ETC', 'uuid': '2401c573-c1da-42a7-8a3f-78674acd1b42', 'ask_bid': 'BID', 'order_type': 'limit', 'state': 'wait', 'trade_uuid': None, 'price': 32610, 'avg_price': 0, 'volume': 24.65, 'remaining_volume': 24.65, 'executed_volume': 0, 'trades_count': 0, 'reserved_fee': 401.91825, 'remaining_fee': 401.91825, 'paid_fee': 0, 'locked': 804238.41825, 'executed_funds': 0, 'time_in_force': None, 'trade_timestamp': None, 'order_timestamp': 1731455288000, 'timestamp': 1731455288988, 'stream_type': 'REALTIME'}
[08:48:25.611][15]업빗탈출신청(6fd5fd26-0144-418b-93e6-36b66b9a95d4) mode:1, 최종적으로 수량 부족으로 탈출. 빗썸매수2차익:30.0, BitToUp:22.855, UpToBit:22.827, 남은매수/신청매수:25.0/25.0, buy_amount:2.5318, get_total_units:0, up_buy1_amount:1.0, up_buy2_amount:1.5318
[08:48:25.610][16]업빗탈출신청(2401c573-c1da-42a7-8a3f-78674acd1b42) mode:1, 최종적으로 수량 부족으로 탈출. 빗썸매수2차익:30.0, BitToUp:22.855, UpToBit:22.827, 남은매수/신청매수:24.65/24.65, buy_amount:-22.4682, get_total_units:25.0, up_buy1_amount:1.0, up_buy2_amount:1.5318
[08:48:25.810][15]업빗탈출신청결과(6fd5fd26-0144-418b-93e6-36b66b9a95d4) status_code:200 , {'uuid': '6fd5fd26-0144-418b-93e6-36b66b9a95d4', 'side': 'bid', 'ord_type': 'limit', 'price': '32610', 'state': 'wait', 'market': 'KRW-ETC', 'created_at': '2024-11-13T08:48:08+09:00', 'volume': '25', 'remaining_volume': '25', 'reserved_fee': '407.625', 'remaining_fee': '407.625', 'paid_fee': '0', 'locked': '815657.625', 'executed_volume': '0', 'trades_count': 0}
[08:48:25.815][16]업빗탈출신청결과(2401c573-c1da-42a7-8a3f-78674acd1b42) status_code:200 , {'uuid': '2401c573-c1da-42a7-8a3f-78674acd1b42', 'side': 'bid', 'ord_type': 'limit', 'price': '32610', 'state': 'wait', 'market': 'KRW-ETC', 'created_at': '2024-11-13T08:48:08+09:00', 'volume': '24.65', 'remaining_volume': '24.65', 'reserved_fee': '401.91825', 'remaining_fee': '401.91825', 'paid_fee': '0', 'locked': '804238.41825', 'executed_volume': '0', 'trades_count': 0}
[08:48:25.872][15]업빗탈출신청(6fd5fd26-0144-418b-93e6-36b66b9a95d4) mode:1, 최종적으로 수량 부족으로 탈출. 빗썸매수2차익:30.0, BitToUp:22.855, UpToBit:22.827, 남은매수/신청매수:25.0/25.0, buy_amount:2.5318, get_total_units:0, up_buy1_amount:1.0, up_buy2_amount:1.5318
[08:48:25.872][16]업빗탈출신청(2401c573-c1da-42a7-8a3f-78674acd1b42) mode:1, 최종적으로 수량 부족으로 탈출. 빗썸매수2차익:30.0, BitToUp:22.855, UpToBit:22.827, 남은매수/신청매수:24.65/24.65, buy_amount:-22.4682, get_total_units:25.0, up_buy1_amount:1.0, up_buy2_amount:1.5318
[08:48:25.873][15][up](BID) 주문상태:cancel, {'type': 'myOrder', 'code': 'KRW-ETC', 'uuid': '6fd5fd26-0144-418b-93e6-36b66b9a95d4', 'ask_bid': 'BID', 'order_type': 'limit', 'state': 'cancel', 'trade_uuid': None, 'price': 32610, 'avg_price': 0, 'volume': 25, 'remaining_volume': 25, 'executed_volume': 0, 'trades_count': 0, 'reserved_fee': 407.625, 'remaining_fee': 407.625, 'paid_fee': 0, 'locked': 815657.625, 'executed_funds': 0, 'time_in_force': None, 'trade_timestamp': None, 'order_timestamp': 1731455288000, 'timestamp': 1731455305862, 'stream_type': 'REALTIME'}
[08:48:25.873][15]up33333333333333333 매수취소(6fd5fd26-0144-418b-93e6-36b66b9a95d4), {'type': 'myOrder', 'code': 'KRW-ETC', 'uuid': '6fd5fd26-0144-418b-93e6-36b66b9a95d4', 'ask_bid': 'BID', 'order_type': 'limit', 'state': 'cancel', 'trade_uuid': None, 'price': 32610, 'avg_price': 0, 'volume': 25, 'remaining_volume': 25, 'executed_volume': 0, 'trades_count': 0, 'reserved_fee': 407.625, 'remaining_fee': 407.625, 'paid_fee': 0, 'locked': 815657.625, 'executed_funds': 0, 'time_in_force': None, 'trade_timestamp': None, 'order_timestamp': 1731455288000, 'timestamp': 1731455305862, 'stream_type': 'REALTIME'}
[08:48:25.873][15]up 4444444444444 쓰레드 정리 isclear isClear(6fd5fd26-0144-418b-93e6-36b66b9a95d4), 남은양:25.0, {'type': 'myOrder', 'code': 'KRW-ETC', 'uuid': '6fd5fd26-0144-418b-93e6-36b66b9a95d4', 'ask_bid': 'BID', 'order_type': 'limit', 'state': 'cancel', 'trade_uuid': None, 'price': 32610, 'avg_price': 0, 'volume': 25, 'remaining_volume': 25, 'executed_volume': 0, 'trades_count': 0, 'reserved_fee': 407.625, 'remaining_fee': 407.625, 'paid_fee': 0, 'locked': 815657.625, 'executed_funds': 0, 'time_in_force': None, 'trade_timestamp': None, 'order_timestamp': 1731455288000, 'timestamp': 1731455305862, 'stream_type': 'REALTIME'}
[08:48:25.880][MyApi]stop_threads 시작 6fd5fd26-0144-418b-93e6-36b66b9a95d4
[08:48:25.893][16][up](BID) 주문상태:cancel, {'type': 'myOrder', 'code': 'KRW-ETC', 'uuid': '2401c573-c1da-42a7-8a3f-78674acd1b42', 'ask_bid': 'BID', 'order_type': 'limit', 'state': 'cancel', 'trade_uuid': None, 'price': 32610, 'avg_price': 0, 'volume': 24.65, 'remaining_volume': 24.65, 'executed_volume': 0, 'trades_count': 0, 'reserved_fee': 401.91825, 'remaining_fee': 401.91825, 'paid_fee': 0, 'locked': 804238.41825, 'executed_funds': 0, 'time_in_force': None, 'trade_timestamp': None, 'order_timestamp': 1731455288000, 'timestamp': 1731455305881, 'stream_type': 'REALTIME'}
[08:48:25.893][16]up33333333333333333 매수취소(2401c573-c1da-42a7-8a3f-78674acd1b42), {'type': 'myOrder', 'code': 'KRW-ETC', 'uuid': '2401c573-c1da-42a7-8a3f-78674acd1b42', 'ask_bid': 'BID', 'order_type': 'limit', 'state': 'cancel', 'trade_uuid': None, 'price': 32610, 'avg_price': 0, 'volume': 24.65, 'remaining_volume': 24.65, 'executed_volume': 0, 'trades_count': 0, 'reserved_fee': 401.91825, 'remaining_fee': 401.91825, 'paid_fee': 0, 'locked': 804238.41825, 'executed_funds': 0, 'time_in_force': None, 'trade_timestamp': None, 'order_timestamp': 1731455288000, 'timestamp': 1731455305881, 'stream_type': 'REALTIME'}
[08:48:25.893][16]up 4444444444444 쓰레드 정리 isclear isClear(2401c573-c1da-42a7-8a3f-78674acd1b42), 남은양:24.65, {'type': 'myOrder', 'code': 'KRW-ETC', 'uuid': '2401c573-c1da-42a7-8a3f-78674acd1b42', 'ask_bid': 'BID', 'order_type': 'limit', 'state': 'cancel', 'trade_uuid': None, 'price': 32610, 'avg_price': 0, 'volume': 24.65, 'remaining_volume': 24.65, 'executed_volume': 0, 'trades_count': 0, 'reserved_fee': 401.91825, 'remaining_fee': 401.91825, 'paid_fee': 0, 'locked': 804238.41825, 'executed_funds': 0, 'time_in_force': None, 'trade_timestamp': None, 'order_timestamp': 1731455288000, 'timestamp': 1731455305881, 'stream_type': 'REALTIME'}
[08:48:25.894][MyApi]stop_threads 시작 2401c573-c1da-42a7-8a3f-78674acd1b42
[08:48:26.009][15]업빗탈출신청결과(6fd5fd26-0144-418b-93e6-36b66b9a95d4) status_code:400 , {'error': {'name': 'canceled_order', 'message': '이미 취소된 주문입니다.'}}
[08:48:26.012]업빗 [15][MyApi]쓰레드 종료
[08:48:26.012][15] 666666666666666 [MyApi]stop_threads 종료 6fd5fd26-0144-418b-93e6-36b66b9a95d4
[08:48:26.019][16]업빗탈출신청결과(2401c573-c1da-42a7-8a3f-78674acd1b42) status_code:400 , {'error': {'name': 'canceled_order', 'message': '이미 취소된 주문입니다.'}}
[08:48:26.022]업빗 [16][MyApi]쓰레드 종료
[08:48:26.022][16] 666666666666666 [MyApi]stop_threads 종료 2401c573-c1da-42a7-8a3f-78674acd1b42
[08:48:27.125][17]업빗1111111111111매수신청 완료(59910f9d-72a9-4346-b413-49e515f7e633), mode:1, result:{'uuid': '59910f9d-72a9-4346-b413-49e515f7e633', 'side': 'bid', 'ord_type': 'limit', 'price': '32610', 'state': 'wait', 'market': 'KRW-ETC', 'created_at': '2024-11-13T08:48:27+09:00', 'volume': '2.5318', 'remaining_volume': '2.5318', 'reserved_fee': '41.280999', 'remaining_fee': '41.280999', 'paid_fee': '0', 'locked': '82603.278999', 'executed_volume': '0', 'trades_count': 0}
[08:48:27.151][17][up](BID) 주문상태:wait, {'type': 'myOrder', 'code': 'KRW-ETC', 'uuid': '59910f9d-72a9-4346-b413-49e515f7e633', 'ask_bid': 'BID', 'order_type': 'limit', 'state': 'wait', 'trade_uuid': None, 'price': 32610, 'avg_price': 0, 'volume': 2.5318, 'remaining_volume': 2.5318, 'executed_volume': 0, 'trades_count': 0, 'reserved_fee': 41.280999, 'remaining_fee': 41.280999, 'paid_fee': 0, 'locked': 82603.278999, 'executed_funds': 0, 'time_in_force': None, 'trade_timestamp': None, 'order_timestamp': 1731455307000, 'timestamp': 1731455307138, 'stream_type': 'REALTIME'}
[08:48:27.153][17]up22222222222222222 매수대기 (59910f9d-72a9-4346-b413-49e515f7e633),{'type': 'myOrder', 'code': 'KRW-ETC', 'uuid': '59910f9d-72a9-4346-b413-49e515f7e633', 'ask_bid': 'BID', 'order_type': 'limit', 'state': 'wait', 'trade_uuid': None, 'price': 32610, 'avg_price': 0, 'volume': 2.5318, 'remaining_volume': 2.5318, 'executed_volume': 0, 'trades_count': 0, 'reserved_fee': 41.280999, 'remaining_fee': 41.280999, 'paid_fee': 0, 'locked': 82603.278999, 'executed_funds': 0, 'time_in_force': None, 'trade_timestamp': None, 'order_timestamp': 1731455307000, 'timestamp': 1731455307138, 'stream_type': 'REALTIME'}
[08:48:29.411][18]업빗1111111111111매수신청 완료(7c78a582-f49e-46c5-9939-ecf927ba6c61), mode:1, result:{'uuid': '7c78a582-f49e-46c5-9939-ecf927ba6c61', 'side': 'bid', 'ord_type': 'limit', 'price': '32620', 'state': 'wait', 'market': 'KRW-ETC', 'created_at': '2024-11-13T08:48:29+09:00', 'volume': '25', 'remaining_volume': '25', 'reserved_fee': '407.75', 'remaining_fee': '407.75', 'paid_fee': '0', 'locked': '815907.75', 'executed_volume': '0', 'trades_count': 0}
[08:48:29.441][18][up](BID) 주문상태:wait, {'type': 'myOrder', 'code': 'KRW-ETC', 'uuid': '7c78a582-f49e-46c5-9939-ecf927ba6c61', 'ask_bid': 'BID', 'order_type': 'limit', 'state': 'wait', 'trade_uuid': None, 'price': 32620, 'avg_price': 0, 'volume': 25, 'remaining_volume': 25, 'executed_volume': 0, 'trades_count': 0, 'reserved_fee': 407.75, 'remaining_fee': 407.75, 'paid_fee': 0, 'locked': 815907.75, 'executed_funds': 0, 'time_in_force': None, 'trade_timestamp': None, 'order_timestamp': 1731455309000, 'timestamp': 1731455309425, 'stream_type': 'REALTIME'}
[08:48:29.442][18]up22222222222222222 매수대기 (7c78a582-f49e-46c5-9939-ecf927ba6c61),{'type': 'myOrder', 'code': 'KRW-ETC', 'uuid': '7c78a582-f49e-46c5-9939-ecf927ba6c61', 'ask_bid': 'BID', 'order_type': 'limit', 'state': 'wait', 'trade_uuid': None, 'price': 32620, 'avg_price': 0, 'volume': 25, 'remaining_volume': 25, 'executed_volume': 0, 'trades_count': 0, 'reserved_fee': 407.75, 'remaining_fee': 407.75, 'paid_fee': 0, 'locked': 815907.75, 'executed_funds': 0, 'time_in_force': None, 'trade_timestamp': None, 'order_timestamp': 1731455309000, 'timestamp': 1731455309425, 'stream_type': 'REALTIME'}
[08:48:30.189][19]업빗1111111111111매수신청 완료(c10b65b7-1c00-4d45-a4b4-d21776e509ad), mode:1, result:{'uuid': 'c10b65b7-1c00-4d45-a4b4-d21776e509ad', 'side': 'bid', 'ord_type': 'limit', 'price': '32620', 'state': 'wait', 'market': 'KRW-ETC', 'created_at': '2024-11-13T08:48:30+09:00', 'volume': '22.1182', 'remaining_volume': '22.1182', 'reserved_fee': '360.747842', 'remaining_fee': '360.747842', 'paid_fee': '0', 'locked': '721856.431842', 'executed_volume': '0', 'trades_count': 0}
[08:48:30.212][19][up](BID) 주문상태:wait, {'type': 'myOrder', 'code': 'KRW-ETC', 'uuid': 'c10b65b7-1c00-4d45-a4b4-d21776e509ad', 'ask_bid': 'BID', 'order_type': 'limit', 'state': 'wait', 'trade_uuid': None, 'price': 32620, 'avg_price': 0, 'volume': 22.1182, 'remaining_volume': 22.1182, 'executed_volume': 0, 'trades_count': 0, 'reserved_fee': 360.747842, 'remaining_fee': 360.747842, 'paid_fee': 0, 'locked': 721856.431842, 'executed_funds': 0, 'time_in_force': None, 'trade_timestamp': None, 'order_timestamp': 1731455310000, 'timestamp': 1731455310203, 'stream_type': 'REALTIME'}
[08:48:30.213][19]up22222222222222222 매수대기 (c10b65b7-1c00-4d45-a4b4-d21776e509ad),{'type': 'myOrder', 'code': 'KRW-ETC', 'uuid': 'c10b65b7-1c00-4d45-a4b4-d21776e509ad', 'ask_bid': 'BID', 'order_type': 'limit', 'state': 'wait', 'trade_uuid': None, 'price': 32620, 'avg_price': 0, 'volume': 22.1182, 'remaining_volume': 22.1182, 'executed_volume': 0, 'trades_count': 0, 'reserved_fee': 360.747842, 'remaining_fee': 360.747842, 'paid_fee': 0, 'locked': 721856.431842, 'executed_funds': 0, 'time_in_force': None, 'trade_timestamp': None, 'order_timestamp': 1731455310000, 'timestamp': 1731455310203, 'stream_type': 'REALTIME'}
[08:48:30.271][17]업빗탈출신청(59910f9d-72a9-4346-b413-49e515f7e633) mode:1, 업빗매수3까지 내려옴. 매수금액(32610.0), 매수2(32620.0)
[08:48:30.271][19]업빗탈출신청(c10b65b7-1c00-4d45-a4b4-d21776e509ad) mode:1, 업빗쪽 내 코인 계산이 안 맞았던거 같음. 다른 쓰레드 신청양(27.5318), 매수미체결양:22.1182, 업빗쪽 내 코인양:49.65
[08:48:30.440][19]업빗탈출신청결과(c10b65b7-1c00-4d45-a4b4-d21776e509ad) status_code:200 , {'uuid': 'c10b65b7-1c00-4d45-a4b4-d21776e509ad', 'side': 'bid', 'ord_type': 'limit', 'price': '32620', 'state': 'wait', 'market': 'KRW-ETC', 'created_at': '2024-11-13T08:48:30+09:00', 'volume': '22.1182', 'remaining_volume': '22.1182', 'reserved_fee': '360.747842', 'remaining_fee': '360.747842', 'paid_fee': '0', 'locked': '721856.431842', 'executed_volume': '0', 'trades_count': 0}
[08:48:30.453][17]업빗탈출신청결과(59910f9d-72a9-4346-b413-49e515f7e633) status_code:200 , {'uuid': '59910f9d-72a9-4346-b413-49e515f7e633', 'side': 'bid', 'ord_type': 'limit', 'price': '32610', 'state': 'wait', 'market': 'KRW-ETC', 'created_at': '2024-11-13T08:48:27+09:00', 'volume': '2.5318', 'remaining_volume': '2.5318', 'reserved_fee': '41.280999', 'remaining_fee': '41.280999', 'paid_fee': '0', 'locked': '82603.278999', 'executed_volume': '0', 'trades_count': 0}
[08:48:30.471][19]업빗탈출신청(c10b65b7-1c00-4d45-a4b4-d21776e509ad) mode:1, 업빗쪽 내 코인 계산이 안 맞았던거 같음. 다른 쓰레드 신청양(27.5318), 매수미체결양:22.1182, 업빗쪽 내 코인양:49.65
[08:48:30.471][17]업빗탈출신청(59910f9d-72a9-4346-b413-49e515f7e633) mode:1, 업빗매수3까지 내려옴. 매수금액(32610.0), 매수2(32620.0)
[08:48:30.497][19][up](BID) 주문상태:cancel, {'type': 'myOrder', 'code': 'KRW-ETC', 'uuid': 'c10b65b7-1c00-4d45-a4b4-d21776e509ad', 'ask_bid': 'BID', 'order_type': 'limit', 'state': 'cancel', 'trade_uuid': None, 'price': 32620, 'avg_price': 0, 'volume': 22.1182, 'remaining_volume': 22.1182, 'executed_volume': 0, 'trades_count': 0, 'reserved_fee': 360.747842, 'remaining_fee': 360.747842, 'paid_fee': 0, 'locked': 721856.431842, 'executed_funds': 0, 'time_in_force': None, 'trade_timestamp': None, 'order_timestamp': 1731455310000, 'timestamp': 1731455310483, 'stream_type': 'REALTIME'}
[08:48:30.497][19]up33333333333333333 매수취소(c10b65b7-1c00-4d45-a4b4-d21776e509ad), {'type': 'myOrder', 'code': 'KRW-ETC', 'uuid': 'c10b65b7-1c00-4d45-a4b4-d21776e509ad', 'ask_bid': 'BID', 'order_type': 'limit', 'state': 'cancel', 'trade_uuid': None, 'price': 32620, 'avg_price': 0, 'volume': 22.1182, 'remaining_volume': 22.1182, 'executed_volume': 0, 'trades_count': 0, 'reserved_fee': 360.747842, 'remaining_fee': 360.747842, 'paid_fee': 0, 'locked': 721856.431842, 'executed_funds': 0, 'time_in_force': None, 'trade_timestamp': None, 'order_timestamp': 1731455310000, 'timestamp': 1731455310483, 'stream_type': 'REALTIME'}
[08:48:30.497][19]up 4444444444444 쓰레드 정리 isclear isClear(c10b65b7-1c00-4d45-a4b4-d21776e509ad), 남은양:22.1182, {'type': 'myOrder', 'code': 'KRW-ETC', 'uuid': 'c10b65b7-1c00-4d45-a4b4-d21776e509ad', 'ask_bid': 'BID', 'order_type': 'limit', 'state': 'cancel', 'trade_uuid': None, 'price': 32620, 'avg_price': 0, 'volume': 22.1182, 'remaining_volume': 22.1182, 'executed_volume': 0, 'trades_count': 0, 'reserved_fee': 360.747842, 'remaining_fee': 360.747842, 'paid_fee': 0, 'locked': 721856.431842, 'executed_funds': 0, 'time_in_force': None, 'trade_timestamp': None, 'order_timestamp': 1731455310000, 'timestamp': 1731455310483, 'stream_type': 'REALTIME'}
[08:48:30.499][MyApi]stop_threads 시작 c10b65b7-1c00-4d45-a4b4-d21776e509ad
[08:48:30.532][17][up](BID) 주문상태:cancel, {'type': 'myOrder', 'code': 'KRW-ETC', 'uuid': '59910f9d-72a9-4346-b413-49e515f7e633', 'ask_bid': 'BID', 'order_type': 'limit', 'state': 'cancel', 'trade_uuid': None, 'price': 32610, 'avg_price': 0, 'volume': 2.5318, 'remaining_volume': 2.5318, 'executed_volume': 0, 'trades_count': 0, 'reserved_fee': 41.280999, 'remaining_fee': 41.280999, 'paid_fee': 0, 'locked': 82603.278999, 'executed_funds': 0, 'time_in_force': None, 'trade_timestamp': None, 'order_timestamp': 1731455307000, 'timestamp': 1731455310519, 'stream_type': 'REALTIME'}
[08:48:30.532][17]up33333333333333333 매수취소(59910f9d-72a9-4346-b413-49e515f7e633), {'type': 'myOrder', 'code': 'KRW-ETC', 'uuid': '59910f9d-72a9-4346-b413-49e515f7e633', 'ask_bid': 'BID', 'order_type': 'limit', 'state': 'cancel', 'trade_uuid': None, 'price': 32610, 'avg_price': 0, 'volume': 2.5318, 'remaining_volume': 2.5318, 'executed_volume': 0, 'trades_count': 0, 'reserved_fee': 41.280999, 'remaining_fee': 41.280999, 'paid_fee': 0, 'locked': 82603.278999, 'executed_funds': 0, 'time_in_force': None, 'trade_timestamp': None, 'order_timestamp': 1731455307000, 'timestamp': 1731455310519, 'stream_type': 'REALTIME'}
[08:48:30.532][17]up 4444444444444 쓰레드 정리 isclear isClear(59910f9d-72a9-4346-b413-49e515f7e633), 남은양:2.5318, {'type': 'myOrder', 'code': 'KRW-ETC', 'uuid': '59910f9d-72a9-4346-b413-49e515f7e633', 'ask_bid': 'BID', 'order_type': 'limit', 'state': 'cancel', 'trade_uuid': None, 'price': 32610, 'avg_price': 0, 'volume': 2.5318, 'remaining_volume': 2.5318, 'executed_volume': 0, 'trades_count': 0, 'reserved_fee': 41.280999, 'remaining_fee': 41.280999, 'paid_fee': 0, 'locked': 82603.278999, 'executed_funds': 0, 'time_in_force': None, 'trade_timestamp': None, 'order_timestamp': 1731455307000, 'timestamp': 1731455310519, 'stream_type': 'REALTIME'}
[08:48:30.535][MyApi]stop_threads 시작 59910f9d-72a9-4346-b413-49e515f7e633
[08:48:30.630][19]업빗탈출신청결과(c10b65b7-1c00-4d45-a4b4-d21776e509ad) status_code:400 , {'error': {'message': '이미 취소된 주문입니다.', 'name': 'canceled_order'}}
[08:48:30.632][17]업빗탈출신청결과(59910f9d-72a9-4346-b413-49e515f7e633) status_code:400 , {'error': {'name': 'canceled_order', 'message': '이미 취소된 주문입니다.'}}
[08:48:30.638]업빗 [17][MyApi]쓰레드 종료
[08:48:30.638][17] 666666666666666 [MyApi]stop_threads 종료 59910f9d-72a9-4346-b413-49e515f7e633
[08:48:30.639]업빗 [19][MyApi]쓰레드 종료
[08:48:30.639][19] 666666666666666 [MyApi]stop_threads 종료 c10b65b7-1c00-4d45-a4b4-d21776e509ad
[08:48:31.589][20]업빗1111111111111매수신청 완료(bfc57d55-d2d0-42e8-8628-06bfcefbfcbf), mode:1, result:{'uuid': 'bfc57d55-d2d0-42e8-8628-06bfcefbfcbf', 'side': 'bid', 'ord_type': 'limit', 'price': '32630', 'state': 'wait', 'market': 'KRW-ETC', 'created_at': '2024-11-13T08:48:31+09:00', 'volume': '24.65', 'remaining_volume': '24.65', 'reserved_fee': '402.16475', 'remaining_fee': '402.16475', 'paid_fee': '0', 'locked': '804731.66475', 'executed_volume': '0', 'trades_count': 0}
[08:48:31.621][20][up](BID) 주문상태:wait, {'type': 'myOrder', 'code': 'KRW-ETC', 'uuid': 'bfc57d55-d2d0-42e8-8628-06bfcefbfcbf', 'ask_bid': 'BID', 'order_type': 'limit', 'state': 'wait', 'trade_uuid': None, 'price': 32630, 'avg_price': 0, 'volume': 24.65, 'remaining_volume': 24.65, 'executed_volume': 0, 'trades_count': 0, 'reserved_fee': 402.16475, 'remaining_fee': 402.16475, 'paid_fee': 0, 'locked': 804731.66475, 'executed_funds': 0, 'time_in_force': None, 'trade_timestamp': None, 'order_timestamp': 1731455311000, 'timestamp': 1731455311611, 'stream_type': 'REALTIME'}
[08:48:31.622][20]up22222222222222222 매수대기 (bfc57d55-d2d0-42e8-8628-06bfcefbfcbf),{'type': 'myOrder', 'code': 'KRW-ETC', 'uuid': 'bfc57d55-d2d0-42e8-8628-06bfcefbfcbf', 'ask_bid': 'BID', 'order_type': 'limit', 'state': 'wait', 'trade_uuid': None, 'price': 32630, 'avg_price': 0, 'volume': 24.65, 'remaining_volume': 24.65, 'executed_volume': 0, 'trades_count': 0, 'reserved_fee': 402.16475, 'remaining_fee': 402.16475, 'paid_fee': 0, 'locked': 804731.66475, 'executed_funds': 0, 'time_in_force': None, 'trade_timestamp': None, 'order_timestamp': 1731455311000, 'timestamp': 1731455311611, 'stream_type': 'REALTIME'}
[08:48:32.335][18]업빗탈출신청(7c78a582-f49e-46c5-9939-ecf927ba6c61) mode:1, 최종적으로 수량 부족으로 탈출. 빗썸매수2차익:30.0, BitToUp:22.862, UpToBit:22.841, 남은매수/신청매수:25.0/25.0, buy_amount:2.3444000000000003, get_total_units:0, up_buy1_amount:1.3444, up_buy2_amount:1.0
[08:48:32.335][20]업빗탈출신청(bfc57d55-d2d0-42e8-8628-06bfcefbfcbf) mode:1, 최종적으로 수량 부족으로 탈출. 빗썸매수2차익:20.0, BitToUp:22.862, UpToBit:22.841, 남은매수/신청매수:24.65/24.65, buy_amount:-23.6556, get_total_units:25.0, up_buy1_amount:1.3444, up_buy2_amount:1.0
[08:48:32.505][18]업빗탈출신청결과(7c78a582-f49e-46c5-9939-ecf927ba6c61) status_code:200 , {'uuid': '7c78a582-f49e-46c5-9939-ecf927ba6c61', 'side': 'bid', 'ord_type': 'limit', 'price': '32620', 'state': 'wait', 'market': 'KRW-ETC', 'created_at': '2024-11-13T08:48:29+09:00', 'volume': '25', 'remaining_volume': '25', 'reserved_fee': '407.75', 'remaining_fee': '407.75', 'paid_fee': '0', 'locked': '815907.75', 'executed_volume': '0', 'trades_count': 0}
[08:48:32.507][20]업빗탈출신청결과(bfc57d55-d2d0-42e8-8628-06bfcefbfcbf) status_code:200 , {'uuid': 'bfc57d55-d2d0-42e8-8628-06bfcefbfcbf', 'side': 'bid', 'ord_type': 'limit', 'price': '32630', 'state': 'wait', 'market': 'KRW-ETC', 'created_at': '2024-11-13T08:48:31+09:00', 'volume': '24.65', 'remaining_volume': '24.65', 'reserved_fee': '402.16475', 'remaining_fee': '402.16475', 'paid_fee': '0', 'locked': '804731.66475', 'executed_volume': '0', 'trades_count': 0}
[08:48:32.563][20][up](BID) 주문상태:cancel, {'type': 'myOrder', 'code': 'KRW-ETC', 'uuid': 'bfc57d55-d2d0-42e8-8628-06bfcefbfcbf', 'ask_bid': 'BID', 'order_type': 'limit', 'state': 'cancel', 'trade_uuid': None, 'price': 32630, 'avg_price': 0, 'volume': 24.65, 'remaining_volume': 24.65, 'executed_volume': 0, 'trades_count': 0, 'reserved_fee': 402.16475, 'remaining_fee': 402.16475, 'paid_fee': 0, 'locked': 804731.66475, 'executed_funds': 0, 'time_in_force': None, 'trade_timestamp': None, 'order_timestamp': 1731455311000, 'timestamp': 1731455312553, 'stream_type': 'REALTIME'}
[08:48:32.563][20]up33333333333333333 매수취소(bfc57d55-d2d0-42e8-8628-06bfcefbfcbf), {'type': 'myOrder', 'code': 'KRW-ETC', 'uuid': 'bfc57d55-d2d0-42e8-8628-06bfcefbfcbf', 'ask_bid': 'BID', 'order_type': 'limit', 'state': 'cancel', 'trade_uuid': None, 'price': 32630, 'avg_price': 0, 'volume': 24.65, 'remaining_volume': 24.65, 'executed_volume': 0, 'trades_count': 0, 'reserved_fee': 402.16475, 'remaining_fee': 402.16475, 'paid_fee': 0, 'locked': 804731.66475, 'executed_funds': 0, 'time_in_force': None, 'trade_timestamp': None, 'order_timestamp': 1731455311000, 'timestamp': 1731455312553, 'stream_type': 'REALTIME'}
[08:48:32.563][20]up 4444444444444 쓰레드 정리 isclear isClear(bfc57d55-d2d0-42e8-8628-06bfcefbfcbf), 남은양:24.65, {'type': 'myOrder', 'code': 'KRW-ETC', 'uuid': 'bfc57d55-d2d0-42e8-8628-06bfcefbfcbf', 'ask_bid': 'BID', 'order_type': 'limit', 'state': 'cancel', 'trade_uuid': None, 'price': 32630, 'avg_price': 0, 'volume': 24.65, 'remaining_volume': 24.65, 'executed_volume': 0, 'trades_count': 0, 'reserved_fee': 402.16475, 'remaining_fee': 402.16475, 'paid_fee': 0, 'locked': 804731.66475, 'executed_funds': 0, 'time_in_force': None, 'trade_timestamp': None, 'order_timestamp': 1731455311000, 'timestamp': 1731455312553, 'stream_type': 'REALTIME'}
[08:48:32.564][18][up](BID) 주문상태:cancel, {'type': 'myOrder', 'code': 'KRW-ETC', 'uuid': '7c78a582-f49e-46c5-9939-ecf927ba6c61', 'ask_bid': 'BID', 'order_type': 'limit', 'state': 'cancel', 'trade_uuid': None, 'price': 32620, 'avg_price': 0, 'volume': 25, 'remaining_volume': 25, 'executed_volume': 0, 'trades_count': 0, 'reserved_fee': 407.75, 'remaining_fee': 407.75, 'paid_fee': 0, 'locked': 815907.75, 'executed_funds': 0, 'time_in_force': None, 'trade_timestamp': None, 'order_timestamp': 1731455309000, 'timestamp': 1731455312554, 'stream_type': 'REALTIME'}
[08:48:32.564][18]up33333333333333333 매수취소(7c78a582-f49e-46c5-9939-ecf927ba6c61), {'type': 'myOrder', 'code': 'KRW-ETC', 'uuid': '7c78a582-f49e-46c5-9939-ecf927ba6c61', 'ask_bid': 'BID', 'order_type': 'limit', 'state': 'cancel', 'trade_uuid': None, 'price': 32620, 'avg_price': 0, 'volume': 25, 'remaining_volume': 25, 'executed_volume': 0, 'trades_count': 0, 'reserved_fee': 407.75, 'remaining_fee': 407.75, 'paid_fee': 0, 'locked': 815907.75, 'executed_funds': 0, 'time_in_force': None, 'trade_timestamp': None, 'order_timestamp': 1731455309000, 'timestamp': 1731455312554, 'stream_type': 'REALTIME'}
[08:48:32.564][18]up 4444444444444 쓰레드 정리 isclear isClear(7c78a582-f49e-46c5-9939-ecf927ba6c61), 남은양:25.0, {'type': 'myOrder', 'code': 'KRW-ETC', 'uuid': '7c78a582-f49e-46c5-9939-ecf927ba6c61', 'ask_bid': 'BID', 'order_type': 'limit', 'state': 'cancel', 'trade_uuid': None, 'price': 32620, 'avg_price': 0, 'volume': 25, 'remaining_volume': 25, 'executed_volume': 0, 'trades_count': 0, 'reserved_fee': 407.75, 'remaining_fee': 407.75, 'paid_fee': 0, 'locked': 815907.75, 'executed_funds': 0, 'time_in_force': None, 'trade_timestamp': None, 'order_timestamp': 1731455309000, 'timestamp': 1731455312554, 'stream_type': 'REALTIME'}
[08:48:32.565][MyApi]stop_threads 시작 bfc57d55-d2d0-42e8-8628-06bfcefbfcbf
[08:48:32.565][18]업빗탈출신청(7c78a582-f49e-46c5-9939-ecf927ba6c61) mode:1, 업빗매수3까지 내려옴. 매수금액(32620.0), 매수2(32630.0)
[08:48:32.566][MyApi]stop_threads 시작 7c78a582-f49e-46c5-9939-ecf927ba6c61
[08:48:32.572]업빗 [20][MyApi]쓰레드 종료
[08:48:32.572][20] 666666666666666 [MyApi]stop_threads 종료 bfc57d55-d2d0-42e8-8628-06bfcefbfcbf
[08:48:32.674][18]업빗탈출신청결과(7c78a582-f49e-46c5-9939-ecf927ba6c61) status_code:400 , {'error': {'name': 'canceled_order', 'message': '이미 취소된 주문입니다.'}}
[08:48:32.678]업빗 [18][MyApi]쓰레드 종료
[08:48:32.678][18] 666666666666666 [MyApi]stop_threads 종료 7c78a582-f49e-46c5-9939-ecf927ba6c61
[08:51:36.948][bit]프로그램으로 신청한게 아닌거 같음. 확인 필요.C0105000000392445655, wait, {'type': 'myOrder', 'code': 'KRW-ETC', 'uuid': 'C0105000000392445655', 'ask_bid': 'ASK', 'order_type': 'limit', 'state': 'wait', 'trade_uuid': None, 'price': 32700, 'volume': 49.65666416, 'remaining_volume': 49.65666416, 'executed_volume': 0, 'trades_count': 0, 'reserved_fee': 0, 'remaining_fee': 0, 'paid_fee': 0, 'executed_funds': 0, 'trade_timestamp': None, 'order_timestamp': 1731455496762, 'timestamp': 1731455496856, 'stream_type': 'REALTIME'}
[08:51:37.490][bit]프로그램으로 신청한게 아닌거 같음. 확인 필요.C0105000000392445655, trade, {'type': 'myOrder', 'code': 'KRW-ETC', 'uuid': 'C0105000000392445655', 'ask_bid': 'ASK', 'order_type': 'limit', 'state': 'trade', 'trade_uuid': 'C0105000000057472121', 'price': 32700, 'volume': 49.6564, 'remaining_volume': 0.00026416, 'executed_volume': 49.6564, 'trades_count': 1, 'reserved_fee': 0, 'remaining_fee': 0, 'paid_fee': 0, 'executed_funds': 1623764.28, 'trade_timestamp': 1731455497311, 'order_timestamp': 1731455496762, 'timestamp': 1731455497403, 'stream_type': 'REALTIME'}
[08:51:37.789][bit]프로그램으로 신청한게 아닌거 같음. 확인 필요.C0105000000392445655, done, {'type': 'myOrder', 'code': 'KRW-ETC', 'uuid': 'C0105000000392445655', 'ask_bid': 'ASK', 'order_type': 'limit', 'state': 'done', 'trade_uuid': 'C0105000000057472124', 'price': 32700, 'volume': 49.65666416, 'remaining_volume': 0, 'executed_volume': 0.00026416, 'trades_count': 1, 'reserved_fee': 0, 'remaining_fee': 0, 'paid_fee': 0, 'executed_funds': 8.638032, 'trade_timestamp': 1731455497580, 'order_timestamp': 1731455496762, 'timestamp': 1731455497719, 'stream_type': 'REALTIME'}
[08:53:03.870][up]프로그램으로 신청한게 아닌거 같음. 확인 필요.427d95d0-74e4-4450-958b-dcf90aef115a, cancel, {'type': 'myOrder', 'code': 'KRW-ETC', 'uuid': '427d95d0-74e4-4450-958b-dcf90aef115a', 'ask_bid': 'ASK', 'order_type': 'limit', 'state': 'cancel', 'trade_uuid': None, 'price': 35000, 'avg_price': 0, 'volume': 25, 'remaining_volume': 25, 'executed_volume': 0, 'trades_count': 0, 'reserved_fee': 0, 'remaining_fee': 0, 'paid_fee': 0, 'locked': 25, 'executed_funds': 0, 'time_in_force': None, 'trade_timestamp': None, 'order_timestamp': 1731412783000, 'timestamp': 1731455583862, 'stream_type': 'REALTIME'}
[08:53:06.050][21]빗썸1111111111111매수신청 완료(C0105000000392445912), mode:1, result:{'uuid': 'C0105000000392445912', 'side': 'bid', 'ord_type': 'limit', 'price': '32690', 'state': 'wait', 'market': 'KRW-ETC', 'created_at': '2024-11-13T08:53:05+09:00', 'volume': '25', 'remaining_volume': '25', 'reserved_fee': '2043.125', 'remaining_fee': '2043.125', 'paid_fee': '0', 'locked': '819294.125', 'executed_volume': '0', 'trades_count': 0}
[08:53:06.147][21][bit](BID) 주문상태:wait, {'type': 'myOrder', 'code': 'KRW-ETC', 'uuid': 'C0105000000392445912', 'ask_bid': 'BID', 'order_type': 'limit', 'state': 'wait', 'trade_uuid': None, 'price': 32690, 'volume': 25, 'remaining_volume': 25, 'executed_volume': 0, 'trades_count': 0, 'reserved_fee': 2043.125, 'remaining_fee': 2043.125, 'paid_fee': 0, 'executed_funds': 0, 'trade_timestamp': None, 'order_timestamp': 1731455585958, 'timestamp': 1731455586061, 'stream_type': 'REALTIME'}
[08:53:06.148][21]bit22222222222222222 매수대기 (C0105000000392445912),{'type': 'myOrder', 'code': 'KRW-ETC', 'uuid': 'C0105000000392445912', 'ask_bid': 'BID', 'order_type': 'limit', 'state': 'wait', 'trade_uuid': None, 'price': 32690, 'volume': 25, 'remaining_volume': 25, 'executed_volume': 0, 'trades_count': 0, 'reserved_fee': 2043.125, 'remaining_fee': 2043.125, 'paid_fee': 0, 'executed_funds': 0, 'trade_timestamp': None, 'order_timestamp': 1731455585958, 'timestamp': 1731455586061, 'stream_type': 'REALTIME'}
[08:53:09.427][21]빗썸탈출신청(C0105000000392445912) mode:1, 빗썸매수3까지 내려옴. 매수금액(32690.0), 매수2(32700.0)
[08:53:09.673][21]빗썸탈출신청결과(C0105000000392445912) status_code:200 , {'uuid': 'C0105000000392445912', 'side': 'bid', 'ord_type': 'limit', 'price': '32690', 'state': 'wait', 'market': 'KRW-ETC', 'created_at': '2024-11-13T08:53:05+09:00', 'volume': '25', 'remaining_volume': '25', 'reserved_fee': '2043.125', 'remaining_fee': '2043.125', 'paid_fee': '0', 'locked': '819294.125', 'executed_volume': '0', 'trades_count': 0}
[08:53:09.777][21][bit](BID) 주문상태:cancel, {'type': 'myOrder', 'code': 'KRW-ETC', 'uuid': 'C0105000000392445912', 'ask_bid': 'BID', 'order_type': 'limit', 'state': 'cancel', 'trade_uuid': None, 'price': 32690, 'volume': 25, 'remaining_volume': 25, 'executed_volume': 0, 'trades_count': 0, 'reserved_fee': 2043.125, 'remaining_fee': 2043.125, 'paid_fee': 0, 'executed_funds': 0, 'trade_timestamp': None, 'order_timestamp': 1731455585958, 'timestamp': 1731455589702, 'stream_type': 'REALTIME'}
[08:53:09.777][21]bit33333333333333333 매수취소(C0105000000392445912), {'type': 'myOrder', 'code': 'KRW-ETC', 'uuid': 'C0105000000392445912', 'ask_bid': 'BID', 'order_type': 'limit', 'state': 'cancel', 'trade_uuid': None, 'price': 32690, 'volume': 25, 'remaining_volume': 25, 'executed_volume': 0, 'trades_count': 0, 'reserved_fee': 2043.125, 'remaining_fee': 2043.125, 'paid_fee': 0, 'executed_funds': 0, 'trade_timestamp': None, 'order_timestamp': 1731455585958, 'timestamp': 1731455589702, 'stream_type': 'REALTIME'}
[08:53:09.777][21]bit 4444444444444 쓰레드 정리 isclear isClear(C0105000000392445912), 남은양:25.0, {'type': 'myOrder', 'code': 'KRW-ETC', 'uuid': 'C0105000000392445912', 'ask_bid': 'BID', 'order_type': 'limit', 'state': 'cancel', 'trade_uuid': None, 'price': 32690, 'volume': 25, 'remaining_volume': 25, 'executed_volume': 0, 'trades_count': 0, 'reserved_fee': 2043.125, 'remaining_fee': 2043.125, 'paid_fee': 0, 'executed_funds': 0, 'trade_timestamp': None, 'order_timestamp': 1731455585958, 'timestamp': 1731455589702, 'stream_type': 'REALTIME'}
[08:53:09.779][MyApi]stop_threads 시작 C0105000000392445912
[08:53:09.781]빗썸 [21][MyApi]쓰레드 종료
[08:53:09.781][21] 666666666666666 [MyApi]stop_threads 종료 C0105000000392445912
[08:53:11.497][22]빗썸1111111111111매수신청 완료(C0105000000392445934), mode:1, result:{'uuid': 'C0105000000392445934', 'side': 'bid', 'ord_type': 'limit', 'price': '32710', 'state': 'wait', 'market': 'KRW-ETC', 'created_at': '2024-11-13T08:53:11+09:00', 'volume': '25', 'remaining_volume': '25', 'reserved_fee': '2044.375', 'remaining_fee': '2044.375', 'paid_fee': '0', 'locked': '819795.375', 'executed_volume': '0', 'trades_count': 0}
