SELECT * FROM public.member WHERE memid = 1
1
[2024-11-10 21:30:18.535]wsClass,init,POL,bit
[2024-11-10 21:30:18.536]wsClass,init,POL,up
[2024-11-10 21:30:18.564]wsClass,connected,POL,up
[2024-11-10 21:30:18.731]wsClass,connected,POL,bit
[2024-11-10 21:30:18.740]wsPrivateClass,connected,POL,bit
[2024-11-10 21:30:18.783]wsPrivateClass,connected,POL,up
[21:32:03.625][1]빗썸1111111111111매수신청 완료(C0480000000139059509), mode:1, result:{'uuid': 'C0480000000139059509', 'side': 'bid', 'ord_type': 'limit', 'price': '560', 'state': 'wait', 'market': 'KRW-POL', 'created_at': '2024-11-10T21:32:03+09:00', 'volume': '4000', 'remaining_volume': '4000', 'reserved_fee': '5600', 'remaining_fee': '5600', 'paid_fee': '0', 'locked': '2245601', 'executed_volume': '0', 'trades_count': 0}
[21:32:03.662][1][bit](BID) 주문상태:wait, {'type': 'myOrder', 'code': 'KRW-POL', 'uuid': 'C0480000000139059509', 'ask_bid': 'BID', 'order_type': 'limit', 'state': 'wait', 'trade_uuid': None, 'price': 560, 'volume': 4000, 'remaining_volume': 4000, 'executed_volume': 0, 'trades_count': 0, 'reserved_fee': 5600, 'remaining_fee': 5600, 'paid_fee': 0, 'executed_funds': 0, 'trade_timestamp': None, 'order_timestamp': 1731241923546, 'timestamp': 1731241923653, 'stream_type': 'REALTIME'}
[21:32:03.664][1]bit22222222222222222 매수대기 (C0480000000139059509),{'type': 'myOrder', 'code': 'KRW-POL', 'uuid': 'C0480000000139059509', 'ask_bid': 'BID', 'order_type': 'limit', 'state': 'wait', 'trade_uuid': None, 'price': 560, 'volume': 4000, 'remaining_volume': 4000, 'executed_volume': 0, 'trades_count': 0, 'reserved_fee': 5600, 'remaining_fee': 5600, 'paid_fee': 0, 'executed_funds': 0, 'trade_timestamp': None, 'order_timestamp': 1731241923546, 'timestamp': 1731241923653, 'stream_type': 'REALTIME'}
[21:32:04.497][2]빗썸1111111111111매수신청 완료(C0480000000139059510), mode:1, result:{'uuid': 'C0480000000139059510', 'side': 'bid', 'ord_type': 'limit', 'price': '560', 'state': 'wait', 'market': 'KRW-POL', 'created_at': '2024-11-10T21:32:04+09:00', 'volume': '4000', 'remaining_volume': '4000', 'reserved_fee': '5600', 'remaining_fee': '5600', 'paid_fee': '0', 'locked': '2245601', 'executed_volume': '0', 'trades_count': 0}
[21:32:04.513][2][bit](BID) 주문상태:wait, {'type': 'myOrder', 'code': 'KRW-POL', 'uuid': 'C0480000000139059510', 'ask_bid': 'BID', 'order_type': 'limit', 'state': 'wait', 'trade_uuid': None, 'price': 560, 'volume': 4000, 'remaining_volume': 4000, 'executed_volume': 0, 'trades_count': 0, 'reserved_fee': 5600, 'remaining_fee': 5600, 'paid_fee': 0, 'executed_funds': 0, 'trade_timestamp': None, 'order_timestamp': 1731241924422, 'timestamp': 1731241924505, 'stream_type': 'REALTIME'}
[21:32:04.515][2]bit22222222222222222 매수대기 (C0480000000139059510),{'type': 'myOrder', 'code': 'KRW-POL', 'uuid': 'C0480000000139059510', 'ask_bid': 'BID', 'order_type': 'limit', 'state': 'wait', 'trade_uuid': None, 'price': 560, 'volume': 4000, 'remaining_volume': 4000, 'executed_volume': 0, 'trades_count': 0, 'reserved_fee': 5600, 'remaining_fee': 5600, 'paid_fee': 0, 'executed_funds': 0, 'trade_timestamp': None, 'order_timestamp': 1731241924422, 'timestamp': 1731241924505, 'stream_type': 'REALTIME'}
[21:32:23.708][3]빗썸1111111111111매수신청 완료(C0480000000139059558), mode:1, result:{'uuid': 'C0480000000139059558', 'side': 'bid', 'ord_type': 'limit', 'price': '561', 'state': 'wait', 'market': 'KRW-POL', 'created_at': '2024-11-10T21:32:23+09:00', 'volume': '2906.95', 'remaining_volume': '2906.95', 'reserved_fee': '4076.997375', 'remaining_fee': '4076.997375', 'paid_fee': '0', 'locked': '1634876.947375', 'executed_volume': '0', 'trades_count': 0}
[21:32:23.795][3][bit](BID) 주문상태:wait, {'type': 'myOrder', 'code': 'KRW-POL', 'uuid': 'C0480000000139059558', 'ask_bid': 'BID', 'order_type': 'limit', 'state': 'wait', 'trade_uuid': None, 'price': 561, 'volume': 2906.95, 'remaining_volume': 2906.95, 'executed_volume': 0, 'trades_count': 0, 'reserved_fee': 4076.997375, 'remaining_fee': 4076.997375, 'paid_fee': 0, 'executed_funds': 0, 'trade_timestamp': None, 'order_timestamp': 1731241943635, 'timestamp': 1731241943765, 'stream_type': 'REALTIME'}
[21:32:23.796][3]bit22222222222222222 매수대기 (C0480000000139059558),{'type': 'myOrder', 'code': 'KRW-POL', 'uuid': 'C0480000000139059558', 'ask_bid': 'BID', 'order_type': 'limit', 'state': 'wait', 'trade_uuid': None, 'price': 561, 'volume': 2906.95, 'remaining_volume': 2906.95, 'executed_volume': 0, 'trades_count': 0, 'reserved_fee': 4076.997375, 'remaining_fee': 4076.997375, 'paid_fee': 0, 'executed_funds': 0, 'trade_timestamp': None, 'order_timestamp': 1731241943635, 'timestamp': 1731241943765, 'stream_type': 'REALTIME'}
[21:32:32.088][3]빗썸탈출신청(C0480000000139059558) mode:1, 최종적으로 수량 부족으로 탈출. 업빗매수2차익:0.0, BitToUp:0.336, UpToBit:0.281, 남은매수/신청매수:2906.95/2906.95, buy_amount:-2661.9217081999996, get_total_units:8000.0, up_buy1_amount:5338.0782918, up_buy2_amount:9764.08486615
[21:32:32.338][3]빗썸탈출신청결과(C0480000000139059558) status_code:200 , {'uuid': 'C0480000000139059558', 'side': 'bid', 'ord_type': 'limit', 'price': '561', 'state': 'wait', 'market': 'KRW-POL', 'created_at': '2024-11-10T21:32:23+09:00', 'volume': '2906.95', 'remaining_volume': '2906.95', 'reserved_fee': '4076.997375', 'remaining_fee': '4076.997375', 'paid_fee': '0', 'locked': '1634876.947375', 'executed_volume': '0', 'trades_count': 0}
[21:32:32.377][3]빗썸탈출신청(C0480000000139059558) mode:1, 최종적으로 수량 부족으로 탈출. 업빗매수2차익:0.0, BitToUp:0.336, UpToBit:0.281, 남은매수/신청매수:2906.95/2906.95, buy_amount:-2661.9217081999996, get_total_units:8000.0, up_buy1_amount:5338.0782918, up_buy2_amount:19455.85597368
[21:32:32.429][3][bit](BID) 주문상태:cancel, {'type': 'myOrder', 'code': 'KRW-POL', 'uuid': 'C0480000000139059558', 'ask_bid': 'BID', 'order_type': 'limit', 'state': 'cancel', 'trade_uuid': None, 'price': 561, 'volume': 2906.95, 'remaining_volume': 2906.95, 'executed_volume': 0, 'trades_count': 0, 'reserved_fee': 4076.997375, 'remaining_fee': 4076.997375, 'paid_fee': 0, 'executed_funds': 0, 'trade_timestamp': None, 'order_timestamp': 1731241943635, 'timestamp': 1731241952419, 'stream_type': 'REALTIME'}
[21:32:32.429][3]bit33333333333333333 매수취소(C0480000000139059558), {'type': 'myOrder', 'code': 'KRW-POL', 'uuid': 'C0480000000139059558', 'ask_bid': 'BID', 'order_type': 'limit', 'state': 'cancel', 'trade_uuid': None, 'price': 561, 'volume': 2906.95, 'remaining_volume': 2906.95, 'executed_volume': 0, 'trades_count': 0, 'reserved_fee': 4076.997375, 'remaining_fee': 4076.997375, 'paid_fee': 0, 'executed_funds': 0, 'trade_timestamp': None, 'order_timestamp': 1731241943635, 'timestamp': 1731241952419, 'stream_type': 'REALTIME'}
[21:32:32.429][3]bit 4444444444444 쓰레드 정리 isclear isClear(C0480000000139059558), 남은양:2906.95, {'type': 'myOrder', 'code': 'KRW-POL', 'uuid': 'C0480000000139059558', 'ask_bid': 'BID', 'order_type': 'limit', 'state': 'cancel', 'trade_uuid': None, 'price': 561, 'volume': 2906.95, 'remaining_volume': 2906.95, 'executed_volume': 0, 'trades_count': 0, 'reserved_fee': 4076.997375, 'remaining_fee': 4076.997375, 'paid_fee': 0, 'executed_funds': 0, 'trade_timestamp': None, 'order_timestamp': 1731241943635, 'timestamp': 1731241952419, 'stream_type': 'REALTIME'}
[21:32:32.430][MyApi]stop_threads 시작 C0480000000139059558
[21:32:32.557][3]빗썸탈출신청결과(C0480000000139059558) status_code:404 , {'error': {'name': 'order_not_found', 'message': '주문을 찾지 못했습니다.'}}
[21:32:32.561]빗썸 [3][MyApi]쓰레드 종료
[21:32:32.562][3] 666666666666666 [MyApi]stop_threads 종료 C0480000000139059558
[21:32:42.715][4]빗썸1111111111111매수신청 완료(C0480000000139059578), mode:1, result:{'uuid': 'C0480000000139059578', 'side': 'bid', 'ord_type': 'limit', 'price': '561', 'state': 'wait', 'market': 'KRW-POL', 'created_at': '2024-11-10T21:32:42+09:00', 'volume': '987.55712', 'remaining_volume': '987.55712', 'reserved_fee': '1385.0488608', 'remaining_fee': '1385.0488608', 'paid_fee': '0', 'locked': '555405.5931808', 'executed_volume': '0', 'trades_count': 0}
[21:32:42.722][4][bit](BID) 주문상태:wait, {'type': 'myOrder', 'code': 'KRW-POL', 'uuid': 'C0480000000139059578', 'ask_bid': 'BID', 'order_type': 'limit', 'state': 'wait', 'trade_uuid': None, 'price': 561, 'volume': 987.55712, 'remaining_volume': 987.55712, 'executed_volume': 0, 'trades_count': 0, 'reserved_fee': 1385.0488608, 'remaining_fee': 1385.0488608, 'paid_fee': 0, 'executed_funds': 0, 'trade_timestamp': None, 'order_timestamp': 1731241962629, 'timestamp': 1731241962712, 'stream_type': 'REALTIME'}
[21:32:42.724][4]bit22222222222222222 매수대기 (C0480000000139059578),{'type': 'myOrder', 'code': 'KRW-POL', 'uuid': 'C0480000000139059578', 'ask_bid': 'BID', 'order_type': 'limit', 'state': 'wait', 'trade_uuid': None, 'price': 561, 'volume': 987.55712, 'remaining_volume': 987.55712, 'executed_volume': 0, 'trades_count': 0, 'reserved_fee': 1385.0488608, 'remaining_fee': 1385.0488608, 'paid_fee': 0, 'executed_funds': 0, 'trade_timestamp': None, 'order_timestamp': 1731241962629, 'timestamp': 1731241962712, 'stream_type': 'REALTIME'}
[21:32:45.077][4]빗썸탈출신청(C0480000000139059578) mode:1, 최종적으로 수량 부족으로 탈출. 업빗매수2차익:0.0, BitToUp:0.336, UpToBit:0.281, 남은매수/신청매수:987.55712/987.55712, buy_amount:-5302.85225206, get_total_units:8000.0, up_buy1_amount:2697.14774794, up_buy2_amount:18949.44044797
[21:32:45.304][2]빗썸탈출신청(C0480000000139059510) mode:1, 빗썸매수3까지 내려옴. 매수금액(560.0), 매수2(561.0)
[21:32:45.304][1]빗썸탈출신청(C0480000000139059509) mode:1, 빗썸매수3까지 내려옴. 매수금액(560.0), 매수2(561.0)
[21:32:45.328][4]빗썸탈출신청결과(C0480000000139059578) status_code:200 , {'uuid': 'C0480000000139059578', 'side': 'bid', 'ord_type': 'limit', 'price': '561', 'state': 'wait', 'market': 'KRW-POL', 'created_at': '2024-11-10T21:32:42+09:00', 'volume': '987.55712', 'remaining_volume': '987.55712', 'reserved_fee': '1385.0488608', 'remaining_fee': '1385.0488608', 'paid_fee': '0', 'locked': '555405.5931808', 'executed_volume': '0', 'trades_count': 0}
[21:32:45.377][4][bit](BID) 주문상태:cancel, {'type': 'myOrder', 'code': 'KRW-POL', 'uuid': 'C0480000000139059578', 'ask_bid': 'BID', 'order_type': 'limit', 'state': 'cancel', 'trade_uuid': None, 'price': 561, 'volume': 987.55712, 'remaining_volume': 987.55712, 'executed_volume': 0, 'trades_count': 0, 'reserved_fee': 1385.0488608, 'remaining_fee': 1385.0488608, 'paid_fee': 0, 'executed_funds': 0, 'trade_timestamp': None, 'order_timestamp': 1731241962629, 'timestamp': 1731241965359, 'stream_type': 'REALTIME'}
[21:32:45.377][4]bit33333333333333333 매수취소(C0480000000139059578), {'type': 'myOrder', 'code': 'KRW-POL', 'uuid': 'C0480000000139059578', 'ask_bid': 'BID', 'order_type': 'limit', 'state': 'cancel', 'trade_uuid': None, 'price': 561, 'volume': 987.55712, 'remaining_volume': 987.55712, 'executed_volume': 0, 'trades_count': 0, 'reserved_fee': 1385.0488608, 'remaining_fee': 1385.0488608, 'paid_fee': 0, 'executed_funds': 0, 'trade_timestamp': None, 'order_timestamp': 1731241962629, 'timestamp': 1731241965359, 'stream_type': 'REALTIME'}
[21:32:45.377][4]bit 4444444444444 쓰레드 정리 isclear isClear(C0480000000139059578), 남은양:987.55712, {'type': 'myOrder', 'code': 'KRW-POL', 'uuid': 'C0480000000139059578', 'ask_bid': 'BID', 'order_type': 'limit', 'state': 'cancel', 'trade_uuid': None, 'price': 561, 'volume': 987.55712, 'remaining_volume': 987.55712, 'executed_volume': 0, 'trades_count': 0, 'reserved_fee': 1385.0488608, 'remaining_fee': 1385.0488608, 'paid_fee': 0, 'executed_funds': 0, 'trade_timestamp': None, 'order_timestamp': 1731241962629, 'timestamp': 1731241965359, 'stream_type': 'REALTIME'}
[21:32:45.378][MyApi]stop_threads 시작 C0480000000139059578
[21:32:45.380]빗썸 [4][MyApi]쓰레드 종료
[21:32:45.380][4] 666666666666666 [MyApi]stop_threads 종료 C0480000000139059578
[21:32:45.592][2]빗썸탈출신청결과(C0480000000139059510) status_code:200 , {'uuid': 'C0480000000139059510', 'side': 'bid', 'ord_type': 'limit', 'price': '560', 'state': 'wait', 'market': 'KRW-POL', 'created_at': '2024-11-10T21:32:04+09:00', 'volume': '4000', 'remaining_volume': '4000', 'reserved_fee': '5600', 'remaining_fee': '5600', 'paid_fee': '0', 'locked': '2245601', 'executed_volume': '0', 'trades_count': 0}
[21:32:45.623][1]빗썸탈출신청결과(C0480000000139059509) status_code:200 , {'uuid': 'C0480000000139059509', 'side': 'bid', 'ord_type': 'limit', 'price': '560', 'state': 'wait', 'market': 'KRW-POL', 'created_at': '2024-11-10T21:32:03+09:00', 'volume': '4000', 'remaining_volume': '4000', 'reserved_fee': '5600', 'remaining_fee': '5600', 'paid_fee': '0', 'locked': '2245601', 'executed_volume': '0', 'trades_count': 0}
[21:32:45.662][2][bit](BID) 주문상태:cancel, {'type': 'myOrder', 'code': 'KRW-POL', 'uuid': 'C0480000000139059510', 'ask_bid': 'BID', 'order_type': 'limit', 'state': 'cancel', 'trade_uuid': None, 'price': 560, 'volume': 4000, 'remaining_volume': 4000, 'executed_volume': 0, 'trades_count': 0, 'reserved_fee': 5600, 'remaining_fee': 5600, 'paid_fee': 0, 'executed_funds': 0, 'trade_timestamp': None, 'order_timestamp': 1731241924422, 'timestamp': 1731241965651, 'stream_type': 'REALTIME'}
[21:32:45.662][2]bit33333333333333333 매수취소(C0480000000139059510), {'type': 'myOrder', 'code': 'KRW-POL', 'uuid': 'C0480000000139059510', 'ask_bid': 'BID', 'order_type': 'limit', 'state': 'cancel', 'trade_uuid': None, 'price': 560, 'volume': 4000, 'remaining_volume': 4000, 'executed_volume': 0, 'trades_count': 0, 'reserved_fee': 5600, 'remaining_fee': 5600, 'paid_fee': 0, 'executed_funds': 0, 'trade_timestamp': None, 'order_timestamp': 1731241924422, 'timestamp': 1731241965651, 'stream_type': 'REALTIME'}
[21:32:45.662][2]bit 4444444444444 쓰레드 정리 isclear isClear(C0480000000139059510), 남은양:4000.0, {'type': 'myOrder', 'code': 'KRW-POL', 'uuid': 'C0480000000139059510', 'ask_bid': 'BID', 'order_type': 'limit', 'state': 'cancel', 'trade_uuid': None, 'price': 560, 'volume': 4000, 'remaining_volume': 4000, 'executed_volume': 0, 'trades_count': 0, 'reserved_fee': 5600, 'remaining_fee': 5600, 'paid_fee': 0, 'executed_funds': 0, 'trade_timestamp': None, 'order_timestamp': 1731241924422, 'timestamp': 1731241965651, 'stream_type': 'REALTIME'}
[21:32:45.663][1][bit](BID) 주문상태:cancel, {'type': 'myOrder', 'code': 'KRW-POL', 'uuid': 'C0480000000139059509', 'ask_bid': 'BID', 'order_type': 'limit', 'state': 'cancel', 'trade_uuid': None, 'price': 560, 'volume': 4000, 'remaining_volume': 4000, 'executed_volume': 0, 'trades_count': 0, 'reserved_fee': 5600, 'remaining_fee': 5600, 'paid_fee': 0, 'executed_funds': 0, 'trade_timestamp': None, 'order_timestamp': 1731241923546, 'timestamp': 1731241965653, 'stream_type': 'REALTIME'}
[21:32:45.663][1]bit33333333333333333 매수취소(C0480000000139059509), {'type': 'myOrder', 'code': 'KRW-POL', 'uuid': 'C0480000000139059509', 'ask_bid': 'BID', 'order_type': 'limit', 'state': 'cancel', 'trade_uuid': None, 'price': 560, 'volume': 4000, 'remaining_volume': 4000, 'executed_volume': 0, 'trades_count': 0, 'reserved_fee': 5600, 'remaining_fee': 5600, 'paid_fee': 0, 'executed_funds': 0, 'trade_timestamp': None, 'order_timestamp': 1731241923546, 'timestamp': 1731241965653, 'stream_type': 'REALTIME'}
[21:32:45.663][1]bit 4444444444444 쓰레드 정리 isclear isClear(C0480000000139059509), 남은양:4000.0, {'type': 'myOrder', 'code': 'KRW-POL', 'uuid': 'C0480000000139059509', 'ask_bid': 'BID', 'order_type': 'limit', 'state': 'cancel', 'trade_uuid': None, 'price': 560, 'volume': 4000, 'remaining_volume': 4000, 'executed_volume': 0, 'trades_count': 0, 'reserved_fee': 5600, 'remaining_fee': 5600, 'paid_fee': 0, 'executed_funds': 0, 'trade_timestamp': None, 'order_timestamp': 1731241923546, 'timestamp': 1731241965653, 'stream_type': 'REALTIME'}
[21:32:45.664][MyApi]stop_threads 시작 C0480000000139059510
[21:32:45.664][1]빗썸탈출신청(C0480000000139059509) mode:1, 빗썸매수3까지 내려옴. 매수금액(560.0), 매수2(561.0)
[21:32:45.665][MyApi]stop_threads 시작 C0480000000139059509
[21:32:45.668]빗썸 [2][MyApi]쓰레드 종료
[21:32:45.669][2] 666666666666666 [MyApi]stop_threads 종료 C0480000000139059510
[21:32:45.839][1]빗썸탈출신청결과(C0480000000139059509) status_code:404 , {'error': {'name': 'order_not_found', 'message': '주문을 찾지 못했습니다.'}}
[21:32:45.846]빗썸 [1][MyApi]쓰레드 종료
[21:32:45.846][1] 666666666666666 [MyApi]stop_threads 종료 C0480000000139059509
[21:33:36.422][5]빗썸1111111111111매수신청 완료(C0480000000139059634), mode:1, result:{'uuid': 'C0480000000139059634', 'side': 'bid', 'ord_type': 'limit', 'price': '562', 'state': 'wait', 'market': 'KRW-POL', 'created_at': '2024-11-10T21:33:36+09:00', 'volume': '4000', 'remaining_volume': '4000', 'reserved_fee': '5620', 'remaining_fee': '5620', 'paid_fee': '0', 'locked': '2253621', 'executed_volume': '0', 'trades_count': 0}
[21:33:36.474][5][bit](BID) 주문상태:wait, {'type': 'myOrder', 'code': 'KRW-POL', 'uuid': 'C0480000000139059634', 'ask_bid': 'BID', 'order_type': 'limit', 'state': 'wait', 'trade_uuid': None, 'price': 562, 'volume': 4000, 'remaining_volume': 4000, 'executed_volume': 0, 'trades_count': 0, 'reserved_fee': 5620, 'remaining_fee': 5620, 'paid_fee': 0, 'executed_funds': 0, 'trade_timestamp': None, 'order_timestamp': 1731242016348, 'timestamp': 1731242016465, 'stream_type': 'REALTIME'}
[21:33:36.475][5]bit22222222222222222 매수대기 (C0480000000139059634),{'type': 'myOrder', 'code': 'KRW-POL', 'uuid': 'C0480000000139059634', 'ask_bid': 'BID', 'order_type': 'limit', 'state': 'wait', 'trade_uuid': None, 'price': 562, 'volume': 4000, 'remaining_volume': 4000, 'executed_volume': 0, 'trades_count': 0, 'reserved_fee': 5620, 'remaining_fee': 5620, 'paid_fee': 0, 'executed_funds': 0, 'trade_timestamp': None, 'order_timestamp': 1731242016348, 'timestamp': 1731242016465, 'stream_type': 'REALTIME'}
[21:33:37.464][6]빗썸1111111111111매수신청 완료(C0480000000139059638), mode:1, result:{'uuid': 'C0480000000139059638', 'side': 'bid', 'ord_type': 'limit', 'price': '562', 'state': 'wait', 'market': 'KRW-POL', 'created_at': '2024-11-10T21:33:37+09:00', 'volume': '4000', 'remaining_volume': '4000', 'reserved_fee': '5620', 'remaining_fee': '5620', 'paid_fee': '0', 'locked': '2253621', 'executed_volume': '0', 'trades_count': 0}
[21:33:37.519][6][bit](BID) 주문상태:wait, {'type': 'myOrder', 'code': 'KRW-POL', 'uuid': 'C0480000000139059638', 'ask_bid': 'BID', 'order_type': 'limit', 'state': 'wait', 'trade_uuid': None, 'price': 562, 'volume': 4000, 'remaining_volume': 4000, 'executed_volume': 0, 'trades_count': 0, 'reserved_fee': 5620, 'remaining_fee': 5620, 'paid_fee': 0, 'executed_funds': 0, 'trade_timestamp': None, 'order_timestamp': 1731242017392, 'timestamp': 1731242017510, 'stream_type': 'REALTIME'}
[21:33:37.521][6]bit22222222222222222 매수대기 (C0480000000139059638),{'type': 'myOrder', 'code': 'KRW-POL', 'uuid': 'C0480000000139059638', 'ask_bid': 'BID', 'order_type': 'limit', 'state': 'wait', 'trade_uuid': None, 'price': 562, 'volume': 4000, 'remaining_volume': 4000, 'executed_volume': 0, 'trades_count': 0, 'reserved_fee': 5620, 'remaining_fee': 5620, 'paid_fee': 0, 'executed_funds': 0, 'trade_timestamp': None, 'order_timestamp': 1731242017392, 'timestamp': 1731242017510, 'stream_type': 'REALTIME'}
[21:33:38.455][7]빗썸1111111111111매수신청 완료(C0480000000139059639), mode:1, result:{'uuid': 'C0480000000139059639', 'side': 'bid', 'ord_type': 'limit', 'price': '562', 'state': 'wait', 'market': 'KRW-POL', 'created_at': '2024-11-10T21:33:38+09:00', 'volume': '2906.95', 'remaining_volume': '2906.95', 'reserved_fee': '4084.26475', 'remaining_fee': '4084.26475', 'paid_fee': '0', 'locked': '1637791.16475', 'executed_volume': '0', 'trades_count': 0}
[21:33:38.533][7][bit](BID) 주문상태:wait, {'type': 'myOrder', 'code': 'KRW-POL', 'uuid': 'C0480000000139059639', 'ask_bid': 'BID', 'order_type': 'limit', 'state': 'wait', 'trade_uuid': None, 'price': 562, 'volume': 2906.95, 'remaining_volume': 2906.95, 'executed_volume': 0, 'trades_count': 0, 'reserved_fee': 4084.26475, 'remaining_fee': 4084.26475, 'paid_fee': 0, 'executed_funds': 0, 'trade_timestamp': None, 'order_timestamp': 1731242018371, 'timestamp': 1731242018524, 'stream_type': 'REALTIME'}
[21:33:38.535][7]bit22222222222222222 매수대기 (C0480000000139059639),{'type': 'myOrder', 'code': 'KRW-POL', 'uuid': 'C0480000000139059639', 'ask_bid': 'BID', 'order_type': 'limit', 'state': 'wait', 'trade_uuid': None, 'price': 562, 'volume': 2906.95, 'remaining_volume': 2906.95, 'executed_volume': 0, 'trades_count': 0, 'reserved_fee': 4084.26475, 'remaining_fee': 4084.26475, 'paid_fee': 0, 'executed_funds': 0, 'trade_timestamp': None, 'order_timestamp': 1731242018371, 'timestamp': 1731242018524, 'stream_type': 'REALTIME'}
[21:33:41.087][5]빗썸탈출신청(C0480000000139059634) mode:1, 최종적으로 수량 부족으로 탈출. 업빗매수2차익:0.0, BitToUp:0.337, UpToBit:0.281, 남은매수/신청매수:4000.0/4000.0, buy_amount:1776.19893428, get_total_units:0, up_buy1_amount:1776.19893428, up_buy2_amount:20863.90085107
[21:33:41.087][6]빗썸탈출신청(C0480000000139059638) mode:1, 최종적으로 수량 부족으로 탈출. 업빗매수2차익:0.0, BitToUp:0.337, UpToBit:0.281, 남은매수/신청매수:4000.0/4000.0, buy_amount:-2223.80106572, get_total_units:4000.0, up_buy1_amount:1776.19893428, up_buy2_amount:20863.90085107
[21:33:41.087][7]빗썸탈출신청(C0480000000139059639) mode:1, 최종적으로 수량 부족으로 탈출. 업빗매수2차익:0.0, BitToUp:0.337, UpToBit:0.281, 남은매수/신청매수:2906.95/2906.95, buy_amount:-6223.80106572, get_total_units:8000.0, up_buy1_amount:1776.19893428, up_buy2_amount:20863.90085107
[21:33:41.408][5]빗썸탈출신청결과(C0480000000139059634) status_code:200 , {'uuid': 'C0480000000139059634', 'side': 'bid', 'ord_type': 'limit', 'price': '562', 'state': 'wait', 'market': 'KRW-POL', 'created_at': '2024-11-10T21:33:36+09:00', 'volume': '4000', 'remaining_volume': '4000', 'reserved_fee': '5620', 'remaining_fee': '5620', 'paid_fee': '0', 'locked': '2253621', 'executed_volume': '0', 'trades_count': 0}
[21:33:41.411][5][bit](BID) 주문상태:cancel, {'type': 'myOrder', 'code': 'KRW-POL', 'uuid': 'C0480000000139059634', 'ask_bid': 'BID', 'order_type': 'limit', 'state': 'cancel', 'trade_uuid': None, 'price': 562, 'volume': 4000, 'remaining_volume': 4000, 'executed_volume': 0, 'trades_count': 0, 'reserved_fee': 5620, 'remaining_fee': 5620, 'paid_fee': 0, 'executed_funds': 0, 'trade_timestamp': None, 'order_timestamp': 1731242016348, 'timestamp': 1731242021404, 'stream_type': 'REALTIME'}
[21:33:41.411][5]bit33333333333333333 매수취소(C0480000000139059634), {'type': 'myOrder', 'code': 'KRW-POL', 'uuid': 'C0480000000139059634', 'ask_bid': 'BID', 'order_type': 'limit', 'state': 'cancel', 'trade_uuid': None, 'price': 562, 'volume': 4000, 'remaining_volume': 4000, 'executed_volume': 0, 'trades_count': 0, 'reserved_fee': 5620, 'remaining_fee': 5620, 'paid_fee': 0, 'executed_funds': 0, 'trade_timestamp': None, 'order_timestamp': 1731242016348, 'timestamp': 1731242021404, 'stream_type': 'REALTIME'}
[21:33:41.411][5]bit 4444444444444 쓰레드 정리 isclear isClear(C0480000000139059634), 남은양:4000.0, {'type': 'myOrder', 'code': 'KRW-POL', 'uuid': 'C0480000000139059634', 'ask_bid': 'BID', 'order_type': 'limit', 'state': 'cancel', 'trade_uuid': None, 'price': 562, 'volume': 4000, 'remaining_volume': 4000, 'executed_volume': 0, 'trades_count': 0, 'reserved_fee': 5620, 'remaining_fee': 5620, 'paid_fee': 0, 'executed_funds': 0, 'trade_timestamp': None, 'order_timestamp': 1731242016348, 'timestamp': 1731242021404, 'stream_type': 'REALTIME'}
[21:33:41.412][MyApi]stop_threads 시작 C0480000000139059634
[21:33:41.413]빗썸 [5][MyApi]쓰레드 종료
[21:33:41.413][5] 666666666666666 [MyApi]stop_threads 종료 C0480000000139059634
[21:33:41.467][6]빗썸탈출신청결과(C0480000000139059638) status_code:200 , {'uuid': 'C0480000000139059638', 'side': 'bid', 'ord_type': 'limit', 'price': '562', 'state': 'wait', 'market': 'KRW-POL', 'created_at': '2024-11-10T21:33:37+09:00', 'volume': '4000', 'remaining_volume': '4000', 'reserved_fee': '5620', 'remaining_fee': '5620', 'paid_fee': '0', 'locked': '2253621', 'executed_volume': '0', 'trades_count': 0}
[21:33:41.470][7]빗썸탈출신청결과(C0480000000139059639) status_code:200 , {'uuid': 'C0480000000139059639', 'side': 'bid', 'ord_type': 'limit', 'price': '562', 'state': 'wait', 'market': 'KRW-POL', 'created_at': '2024-11-10T21:33:38+09:00', 'volume': '2906.95', 'remaining_volume': '2906.95', 'reserved_fee': '4084.26475', 'remaining_fee': '4084.26475', 'paid_fee': '0', 'locked': '1637791.16475', 'executed_volume': '0', 'trades_count': 0}
[21:33:41.517][7][bit](BID) 주문상태:cancel, {'type': 'myOrder', 'code': 'KRW-POL', 'uuid': 'C0480000000139059639', 'ask_bid': 'BID', 'order_type': 'limit', 'state': 'cancel', 'trade_uuid': None, 'price': 562, 'volume': 2906.95, 'remaining_volume': 2906.95, 'executed_volume': 0, 'trades_count': 0, 'reserved_fee': 4084.26475, 'remaining_fee': 4084.26475, 'paid_fee': 0, 'executed_funds': 0, 'trade_timestamp': None, 'order_timestamp': 1731242018371, 'timestamp': 1731242021506, 'stream_type': 'REALTIME'}
[21:33:41.517][7]bit33333333333333333 매수취소(C0480000000139059639), {'type': 'myOrder', 'code': 'KRW-POL', 'uuid': 'C0480000000139059639', 'ask_bid': 'BID', 'order_type': 'limit', 'state': 'cancel', 'trade_uuid': None, 'price': 562, 'volume': 2906.95, 'remaining_volume': 2906.95, 'executed_volume': 0, 'trades_count': 0, 'reserved_fee': 4084.26475, 'remaining_fee': 4084.26475, 'paid_fee': 0, 'executed_funds': 0, 'trade_timestamp': None, 'order_timestamp': 1731242018371, 'timestamp': 1731242021506, 'stream_type': 'REALTIME'}
[21:33:41.517][7]bit 4444444444444 쓰레드 정리 isclear isClear(C0480000000139059639), 남은양:2906.95, {'type': 'myOrder', 'code': 'KRW-POL', 'uuid': 'C0480000000139059639', 'ask_bid': 'BID', 'order_type': 'limit', 'state': 'cancel', 'trade_uuid': None, 'price': 562, 'volume': 2906.95, 'remaining_volume': 2906.95, 'executed_volume': 0, 'trades_count': 0, 'reserved_fee': 4084.26475, 'remaining_fee': 4084.26475, 'paid_fee': 0, 'executed_funds': 0, 'trade_timestamp': None, 'order_timestamp': 1731242018371, 'timestamp': 1731242021506, 'stream_type': 'REALTIME'}
[21:33:41.518][6][bit](BID) 주문상태:cancel, {'type': 'myOrder', 'code': 'KRW-POL', 'uuid': 'C0480000000139059638', 'ask_bid': 'BID', 'order_type': 'limit', 'state': 'cancel', 'trade_uuid': None, 'price': 562, 'volume': 4000, 'remaining_volume': 4000, 'executed_volume': 0, 'trades_count': 0, 'reserved_fee': 5620, 'remaining_fee': 5620, 'paid_fee': 0, 'executed_funds': 0, 'trade_timestamp': None, 'order_timestamp': 1731242017392, 'timestamp': 1731242021507, 'stream_type': 'REALTIME'}
[21:33:41.518][6]bit33333333333333333 매수취소(C0480000000139059638), {'type': 'myOrder', 'code': 'KRW-POL', 'uuid': 'C0480000000139059638', 'ask_bid': 'BID', 'order_type': 'limit', 'state': 'cancel', 'trade_uuid': None, 'price': 562, 'volume': 4000, 'remaining_volume': 4000, 'executed_volume': 0, 'trades_count': 0, 'reserved_fee': 5620, 'remaining_fee': 5620, 'paid_fee': 0, 'executed_funds': 0, 'trade_timestamp': None, 'order_timestamp': 1731242017392, 'timestamp': 1731242021507, 'stream_type': 'REALTIME'}
[21:33:41.518][6]bit 4444444444444 쓰레드 정리 isclear isClear(C0480000000139059638), 남은양:4000.0, {'type': 'myOrder', 'code': 'KRW-POL', 'uuid': 'C0480000000139059638', 'ask_bid': 'BID', 'order_type': 'limit', 'state': 'cancel', 'trade_uuid': None, 'price': 562, 'volume': 4000, 'remaining_volume': 4000, 'executed_volume': 0, 'trades_count': 0, 'reserved_fee': 5620, 'remaining_fee': 5620, 'paid_fee': 0, 'executed_funds': 0, 'trade_timestamp': None, 'order_timestamp': 1731242017392, 'timestamp': 1731242021507, 'stream_type': 'REALTIME'}
[21:33:41.519][MyApi]stop_threads 시작 C0480000000139059639
[21:33:41.519][6]빗썸탈출신청(C0480000000139059638) mode:1, 최종적으로 수량 부족으로 탈출. 업빗매수2차익:0.0, BitToUp:0.337, UpToBit:0.281, 남은매수/신청매수:4000.0/4000.0, buy_amount:1776.19893428, get_total_units:0, up_buy1_amount:1776.19893428, up_buy2_amount:20863.90085107
[21:33:41.520][MyApi]stop_threads 시작 C0480000000139059638
[21:33:41.522]빗썸 [7][MyApi]쓰레드 종료
[21:33:41.522][7] 666666666666666 [MyApi]stop_threads 종료 C0480000000139059639
[21:33:41.700][6]빗썸탈출신청결과(C0480000000139059638) status_code:404 , {'error': {'name': 'order_not_found', 'message': '주문을 찾지 못했습니다.'}}
[21:33:41.705]빗썸 [6][MyApi]쓰레드 종료
[21:33:41.705][6] 666666666666666 [MyApi]stop_threads 종료 C0480000000139059638
[21:33:43.102][8]빗썸1111111111111매수신청 완료(C0480000000139059646), mode:1, result:{'uuid': 'C0480000000139059646', 'side': 'bid', 'ord_type': 'limit', 'price': '562', 'state': 'wait', 'market': 'KRW-POL', 'created_at': '2024-11-10T21:33:42+09:00', 'volume': '1776.19893', 'remaining_volume': '1776.19893', 'reserved_fee': '2495.55949665', 'remaining_fee': '2495.55949665', 'paid_fee': '0', 'locked': '1000720.35815665', 'executed_volume': '0', 'trades_count': 0}
[21:33:43.122][8][bit](BID) 주문상태:wait, {'type': 'myOrder', 'code': 'KRW-POL', 'uuid': 'C0480000000139059646', 'ask_bid': 'BID', 'order_type': 'limit', 'state': 'wait', 'trade_uuid': None, 'price': 562, 'volume': 1776.19893, 'remaining_volume': 1776.19893, 'executed_volume': 0, 'trades_count': 0, 'reserved_fee': 2495.55949665, 'remaining_fee': 2495.55949665, 'paid_fee': 0, 'executed_funds': 0, 'trade_timestamp': None, 'order_timestamp': 1731242022979, 'timestamp': 1731242023114, 'stream_type': 'REALTIME'}
[21:33:43.123][8]bit22222222222222222 매수대기 (C0480000000139059646),{'type': 'myOrder', 'code': 'KRW-POL', 'uuid': 'C0480000000139059646', 'ask_bid': 'BID', 'order_type': 'limit', 'state': 'wait', 'trade_uuid': None, 'price': 562, 'volume': 1776.19893, 'remaining_volume': 1776.19893, 'executed_volume': 0, 'trades_count': 0, 'reserved_fee': 2495.55949665, 'remaining_fee': 2495.55949665, 'paid_fee': 0, 'executed_funds': 0, 'trade_timestamp': None, 'order_timestamp': 1731242022979, 'timestamp': 1731242023114, 'stream_type': 'REALTIME'}
[21:33:44.071][9]빗썸1111111111111매수신청 완료(C0480000000139059647), mode:1, result:{'uuid': 'C0480000000139059647', 'side': 'bid', 'ord_type': 'limit', 'price': '562', 'state': 'wait', 'market': 'KRW-POL', 'created_at': '2024-11-10T21:33:43+09:00', 'volume': '4000', 'remaining_volume': '4000', 'reserved_fee': '5620', 'remaining_fee': '5620', 'paid_fee': '0', 'locked': '2253621', 'executed_volume': '0', 'trades_count': 0}
[21:33:44.125][9][bit](BID) 주문상태:wait, {'type': 'myOrder', 'code': 'KRW-POL', 'uuid': 'C0480000000139059647', 'ask_bid': 'BID', 'order_type': 'limit', 'state': 'wait', 'trade_uuid': None, 'price': 562, 'volume': 4000, 'remaining_volume': 4000, 'executed_volume': 0, 'trades_count': 0, 'reserved_fee': 5620, 'remaining_fee': 5620, 'paid_fee': 0, 'executed_funds': 0, 'trade_timestamp': None, 'order_timestamp': 1731242023976, 'timestamp': 1731242024117, 'stream_type': 'REALTIME'}
[21:33:44.126][9]bit22222222222222222 매수대기 (C0480000000139059647),{'type': 'myOrder', 'code': 'KRW-POL', 'uuid': 'C0480000000139059647', 'ask_bid': 'BID', 'order_type': 'limit', 'state': 'wait', 'trade_uuid': None, 'price': 562, 'volume': 4000, 'remaining_volume': 4000, 'executed_volume': 0, 'trades_count': 0, 'reserved_fee': 5620, 'remaining_fee': 5620, 'paid_fee': 0, 'executed_funds': 0, 'trade_timestamp': None, 'order_timestamp': 1731242023976, 'timestamp': 1731242024117, 'stream_type': 'REALTIME'}
[21:33:45.055][10]빗썸1111111111111매수신청 완료(C0480000000139059648), mode:1, result:{'uuid': 'C0480000000139059648', 'side': 'bid', 'ord_type': 'limit', 'price': '562', 'state': 'wait', 'market': 'KRW-POL', 'created_at': '2024-11-10T21:33:44+09:00', 'volume': '4000', 'remaining_volume': '4000', 'reserved_fee': '5620', 'remaining_fee': '5620', 'paid_fee': '0', 'locked': '2253621', 'executed_volume': '0', 'trades_count': 0}
[21:33:45.067][10][bit](BID) 주문상태:wait, {'type': 'myOrder', 'code': 'KRW-POL', 'uuid': 'C0480000000139059648', 'ask_bid': 'BID', 'order_type': 'limit', 'state': 'wait', 'trade_uuid': None, 'price': 562, 'volume': 4000, 'remaining_volume': 4000, 'executed_volume': 0, 'trades_count': 0, 'reserved_fee': 5620, 'remaining_fee': 5620, 'paid_fee': 0, 'executed_funds': 0, 'trade_timestamp': None, 'order_timestamp': 1731242024974, 'timestamp': 1731242025056, 'stream_type': 'REALTIME'}
[21:33:45.068][10]bit22222222222222222 매수대기 (C0480000000139059648),{'type': 'myOrder', 'code': 'KRW-POL', 'uuid': 'C0480000000139059648', 'ask_bid': 'BID', 'order_type': 'limit', 'state': 'wait', 'trade_uuid': None, 'price': 562, 'volume': 4000, 'remaining_volume': 4000, 'executed_volume': 0, 'trades_count': 0, 'reserved_fee': 5620, 'remaining_fee': 5620, 'paid_fee': 0, 'executed_funds': 0, 'trade_timestamp': None, 'order_timestamp': 1731242024974, 'timestamp': 1731242025056, 'stream_type': 'REALTIME'}
[21:33:57.378][8]빗썸탈출신청(C0480000000139059646) mode:1, 차익 부족0.0(0.337)
[21:33:57.378][9]빗썸탈출신청(C0480000000139059647) mode:1, 차익 부족0.0(0.337)
[21:33:57.378][10]빗썸탈출신청(C0480000000139059648) mode:1, 차익 부족0.0(0.337)
[21:33:57.662][9][bit](BID) 주문상태:cancel, {'type': 'myOrder', 'code': 'KRW-POL', 'uuid': 'C0480000000139059647', 'ask_bid': 'BID', 'order_type': 'limit', 'state': 'cancel', 'trade_uuid': None, 'price': 562, 'volume': 4000, 'remaining_volume': 4000, 'executed_volume': 0, 'trades_count': 0, 'reserved_fee': 5620, 'remaining_fee': 5620, 'paid_fee': 0, 'executed_funds': 0, 'trade_timestamp': None, 'order_timestamp': 1731242023976, 'timestamp': 1731242037651, 'stream_type': 'REALTIME'}
[21:33:57.662][9]bit33333333333333333 매수취소(C0480000000139059647), {'type': 'myOrder', 'code': 'KRW-POL', 'uuid': 'C0480000000139059647', 'ask_bid': 'BID', 'order_type': 'limit', 'state': 'cancel', 'trade_uuid': None, 'price': 562, 'volume': 4000, 'remaining_volume': 4000, 'executed_volume': 0, 'trades_count': 0, 'reserved_fee': 5620, 'remaining_fee': 5620, 'paid_fee': 0, 'executed_funds': 0, 'trade_timestamp': None, 'order_timestamp': 1731242023976, 'timestamp': 1731242037651, 'stream_type': 'REALTIME'}
[21:33:57.662][9]bit 4444444444444 쓰레드 정리 isclear isClear(C0480000000139059647), 남은양:4000.0, {'type': 'myOrder', 'code': 'KRW-POL', 'uuid': 'C0480000000139059647', 'ask_bid': 'BID', 'order_type': 'limit', 'state': 'cancel', 'trade_uuid': None, 'price': 562, 'volume': 4000, 'remaining_volume': 4000, 'executed_volume': 0, 'trades_count': 0, 'reserved_fee': 5620, 'remaining_fee': 5620, 'paid_fee': 0, 'executed_funds': 0, 'trade_timestamp': None, 'order_timestamp': 1731242023976, 'timestamp': 1731242037651, 'stream_type': 'REALTIME'}
[21:33:57.664][MyApi]stop_threads 시작 C0480000000139059647
[21:33:57.708][8]빗썸탈출신청결과(C0480000000139059646) status_code:200 , {'uuid': 'C0480000000139059646', 'side': 'bid', 'ord_type': 'limit', 'price': '562', 'state': 'wait', 'market': 'KRW-POL', 'created_at': '2024-11-10T21:33:42+09:00', 'volume': '1776.19893', 'remaining_volume': '1776.19893', 'reserved_fee': '2495.55949665', 'remaining_fee': '2495.55949665', 'paid_fee': '0', 'locked': '1000720.35815665', 'executed_volume': '0', 'trades_count': 0}
[21:33:57.710][9]빗썸탈출신청결과(C0480000000139059647) status_code:200 , {'uuid': 'C0480000000139059647', 'side': 'bid', 'ord_type': 'limit', 'price': '562', 'state': 'wait', 'market': 'KRW-POL', 'created_at': '2024-11-10T21:33:43+09:00', 'volume': '4000', 'remaining_volume': '4000', 'reserved_fee': '5620', 'remaining_fee': '5620', 'paid_fee': '0', 'locked': '2253621', 'executed_volume': '0', 'trades_count': 0}
[21:33:57.714]빗썸 [9][MyApi]쓰레드 종료
[21:33:57.714][9] 666666666666666 [MyApi]stop_threads 종료 C0480000000139059647
[21:33:57.732][10]빗썸탈출신청결과(C0480000000139059648) status_code:200 , {'uuid': 'C0480000000139059648', 'side': 'bid', 'ord_type': 'limit', 'price': '562', 'state': 'wait', 'market': 'KRW-POL', 'created_at': '2024-11-10T21:33:44+09:00', 'volume': '4000', 'remaining_volume': '4000', 'reserved_fee': '5620', 'remaining_fee': '5620', 'paid_fee': '0', 'locked': '2253621', 'executed_volume': '0', 'trades_count': 0}
[21:33:57.745][8]빗썸탈출신청(C0480000000139059646) mode:1, 차익 부족0.0(0.337)
[21:33:57.745][10]빗썸탈출신청(C0480000000139059648) mode:1, 차익 부족0.0(0.337)
[21:33:57.777][10][bit](BID) 주문상태:cancel, {'type': 'myOrder', 'code': 'KRW-POL', 'uuid': 'C0480000000139059648', 'ask_bid': 'BID', 'order_type': 'limit', 'state': 'cancel', 'trade_uuid': None, 'price': 562, 'volume': 4000, 'remaining_volume': 4000, 'executed_volume': 0, 'trades_count': 0, 'reserved_fee': 5620, 'remaining_fee': 5620, 'paid_fee': 0, 'executed_funds': 0, 'trade_timestamp': None, 'order_timestamp': 1731242024974, 'timestamp': 1731242037760, 'stream_type': 'REALTIME'}
[21:33:57.777][10]bit33333333333333333 매수취소(C0480000000139059648), {'type': 'myOrder', 'code': 'KRW-POL', 'uuid': 'C0480000000139059648', 'ask_bid': 'BID', 'order_type': 'limit', 'state': 'cancel', 'trade_uuid': None, 'price': 562, 'volume': 4000, 'remaining_volume': 4000, 'executed_volume': 0, 'trades_count': 0, 'reserved_fee': 5620, 'remaining_fee': 5620, 'paid_fee': 0, 'executed_funds': 0, 'trade_timestamp': None, 'order_timestamp': 1731242024974, 'timestamp': 1731242037760, 'stream_type': 'REALTIME'}
[21:33:57.777][10]bit 4444444444444 쓰레드 정리 isclear isClear(C0480000000139059648), 남은양:4000.0, {'type': 'myOrder', 'code': 'KRW-POL', 'uuid': 'C0480000000139059648', 'ask_bid': 'BID', 'order_type': 'limit', 'state': 'cancel', 'trade_uuid': None, 'price': 562, 'volume': 4000, 'remaining_volume': 4000, 'executed_volume': 0, 'trades_count': 0, 'reserved_fee': 5620, 'remaining_fee': 5620, 'paid_fee': 0, 'executed_funds': 0, 'trade_timestamp': None, 'order_timestamp': 1731242024974, 'timestamp': 1731242037760, 'stream_type': 'REALTIME'}
[21:33:57.778][MyApi]stop_threads 시작 C0480000000139059648
[21:33:57.821][8][bit](BID) 주문상태:cancel, {'type': 'myOrder', 'code': 'KRW-POL', 'uuid': 'C0480000000139059646', 'ask_bid': 'BID', 'order_type': 'limit', 'state': 'cancel', 'trade_uuid': None, 'price': 562, 'volume': 1776.19893, 'remaining_volume': 1776.19893, 'executed_volume': 0, 'trades_count': 0, 'reserved_fee': 2495.55949665, 'remaining_fee': 2495.55949665, 'paid_fee': 0, 'executed_funds': 0, 'trade_timestamp': None, 'order_timestamp': 1731242022979, 'timestamp': 1731242037806, 'stream_type': 'REALTIME'}
[21:33:57.821][8]bit33333333333333333 매수취소(C0480000000139059646), {'type': 'myOrder', 'code': 'KRW-POL', 'uuid': 'C0480000000139059646', 'ask_bid': 'BID', 'order_type': 'limit', 'state': 'cancel', 'trade_uuid': None, 'price': 562, 'volume': 1776.19893, 'remaining_volume': 1776.19893, 'executed_volume': 0, 'trades_count': 0, 'reserved_fee': 2495.55949665, 'remaining_fee': 2495.55949665, 'paid_fee': 0, 'executed_funds': 0, 'trade_timestamp': None, 'order_timestamp': 1731242022979, 'timestamp': 1731242037806, 'stream_type': 'REALTIME'}
[21:33:57.821][8]bit 4444444444444 쓰레드 정리 isclear isClear(C0480000000139059646), 남은양:1776.19893, {'type': 'myOrder', 'code': 'KRW-POL', 'uuid': 'C0480000000139059646', 'ask_bid': 'BID', 'order_type': 'limit', 'state': 'cancel', 'trade_uuid': None, 'price': 562, 'volume': 1776.19893, 'remaining_volume': 1776.19893, 'executed_volume': 0, 'trades_count': 0, 'reserved_fee': 2495.55949665, 'remaining_fee': 2495.55949665, 'paid_fee': 0, 'executed_funds': 0, 'trade_timestamp': None, 'order_timestamp': 1731242022979, 'timestamp': 1731242037806, 'stream_type': 'REALTIME'}
[21:33:57.822][MyApi]stop_threads 시작 C0480000000139059646
[21:33:57.946][8]빗썸탈출신청결과(C0480000000139059646) status_code:404 , {'error': {'name': 'order_not_found', 'message': '주문을 찾지 못했습니다.'}}
[21:33:57.950]빗썸 [8][MyApi]쓰레드 종료
[21:33:57.950][8] 666666666666666 [MyApi]stop_threads 종료 C0480000000139059646
[21:33:57.987][10]빗썸탈출신청결과(C0480000000139059648) status_code:404 , {'error': {'name': 'order_not_found', 'message': '주문을 찾지 못했습니다.'}}
[21:33:57.991]빗썸 [10][MyApi]쓰레드 종료
[21:33:57.991][10] 666666666666666 [MyApi]stop_threads 종료 C0480000000139059648
[21:34:00.228][11]빗썸1111111111111매수신청 완료(C0480000000139059664), mode:1, result:{'uuid': 'C0480000000139059664', 'side': 'bid', 'ord_type': 'limit', 'price': '562', 'state': 'wait', 'market': 'KRW-POL', 'created_at': '2024-11-10T21:34:00+09:00', 'volume': '4000', 'remaining_volume': '4000', 'reserved_fee': '5620', 'remaining_fee': '5620', 'paid_fee': '0', 'locked': '2253621', 'executed_volume': '0', 'trades_count': 0}
[21:34:00.290][11][bit](BID) 주문상태:wait, {'type': 'myOrder', 'code': 'KRW-POL', 'uuid': 'C0480000000139059664', 'ask_bid': 'BID', 'order_type': 'limit', 'state': 'wait', 'trade_uuid': None, 'price': 562, 'volume': 4000, 'remaining_volume': 4000, 'executed_volume': 0, 'trades_count': 0, 'reserved_fee': 5620, 'remaining_fee': 5620, 'paid_fee': 0, 'executed_funds': 0, 'trade_timestamp': None, 'order_timestamp': 1731242040151, 'timestamp': 1731242040278, 'stream_type': 'REALTIME'}
[21:34:00.293][11]bit22222222222222222 매수대기 (C0480000000139059664),{'type': 'myOrder', 'code': 'KRW-POL', 'uuid': 'C0480000000139059664', 'ask_bid': 'BID', 'order_type': 'limit', 'state': 'wait', 'trade_uuid': None, 'price': 562, 'volume': 4000, 'remaining_volume': 4000, 'executed_volume': 0, 'trades_count': 0, 'reserved_fee': 5620, 'remaining_fee': 5620, 'paid_fee': 0, 'executed_funds': 0, 'trade_timestamp': None, 'order_timestamp': 1731242040151, 'timestamp': 1731242040278, 'stream_type': 'REALTIME'}
[21:34:01.289][12]빗썸1111111111111매수신청 완료(C0480000000139059666), mode:1, result:{'uuid': 'C0480000000139059666', 'side': 'bid', 'ord_type': 'limit', 'price': '562', 'state': 'wait', 'market': 'KRW-POL', 'created_at': '2024-11-10T21:34:01+09:00', 'volume': '4000', 'remaining_volume': '4000', 'reserved_fee': '5620', 'remaining_fee': '5620', 'paid_fee': '0', 'locked': '2253621', 'executed_volume': '0', 'trades_count': 0}
[21:34:01.325][12][bit](BID) 주문상태:wait, {'type': 'myOrder', 'code': 'KRW-POL', 'uuid': 'C0480000000139059666', 'ask_bid': 'BID', 'order_type': 'limit', 'state': 'wait', 'trade_uuid': None, 'price': 562, 'volume': 4000, 'remaining_volume': 4000, 'executed_volume': 0, 'trades_count': 0, 'reserved_fee': 5620, 'remaining_fee': 5620, 'paid_fee': 0, 'executed_funds': 0, 'trade_timestamp': None, 'order_timestamp': 1731242041192, 'timestamp': 1731242041312, 'stream_type': 'REALTIME'}
[21:34:01.326][12]bit22222222222222222 매수대기 (C0480000000139059666),{'type': 'myOrder', 'code': 'KRW-POL', 'uuid': 'C0480000000139059666', 'ask_bid': 'BID', 'order_type': 'limit', 'state': 'wait', 'trade_uuid': None, 'price': 562, 'volume': 4000, 'remaining_volume': 4000, 'executed_volume': 0, 'trades_count': 0, 'reserved_fee': 5620, 'remaining_fee': 5620, 'paid_fee': 0, 'executed_funds': 0, 'trade_timestamp': None, 'order_timestamp': 1731242041192, 'timestamp': 1731242041312, 'stream_type': 'REALTIME'}
[21:34:02.292][13]빗썸1111111111111매수신청 완료(C0480000000139059667), mode:1, result:{'uuid': 'C0480000000139059667', 'side': 'bid', 'ord_type': 'limit', 'price': '562', 'state': 'wait', 'market': 'KRW-POL', 'created_at': '2024-11-10T21:34:02+09:00', 'volume': '2906.95', 'remaining_volume': '2906.95', 'reserved_fee': '4084.26475', 'remaining_fee': '4084.26475', 'paid_fee': '0', 'locked': '1637791.16475', 'executed_volume': '0', 'trades_count': 0}
[21:34:02.376][13][bit](BID) 주문상태:wait, {'type': 'myOrder', 'code': 'KRW-POL', 'uuid': 'C0480000000139059667', 'ask_bid': 'BID', 'order_type': 'limit', 'state': 'wait', 'trade_uuid': None, 'price': 562, 'volume': 2906.95, 'remaining_volume': 2906.95, 'executed_volume': 0, 'trades_count': 0, 'reserved_fee': 4084.26475, 'remaining_fee': 4084.26475, 'paid_fee': 0, 'executed_funds': 0, 'trade_timestamp': None, 'order_timestamp': 1731242042215, 'timestamp': 1731242042365, 'stream_type': 'REALTIME'}
[21:34:02.378][13]bit22222222222222222 매수대기 (C0480000000139059667),{'type': 'myOrder', 'code': 'KRW-POL', 'uuid': 'C0480000000139059667', 'ask_bid': 'BID', 'order_type': 'limit', 'state': 'wait', 'trade_uuid': None, 'price': 562, 'volume': 2906.95, 'remaining_volume': 2906.95, 'executed_volume': 0, 'trades_count': 0, 'reserved_fee': 4084.26475, 'remaining_fee': 4084.26475, 'paid_fee': 0, 'executed_funds': 0, 'trade_timestamp': None, 'order_timestamp': 1731242042215, 'timestamp': 1731242042365, 'stream_type': 'REALTIME'}
[21:34:13.577][12]빗썸탈출신청(C0480000000139059666) mode:1, 차익 부족0.0(0.337)
[21:34:13.577][13]빗썸탈출신청(C0480000000139059667) mode:1, 차익 부족0.0(0.337)
[21:34:13.577][11]빗썸탈출신청(C0480000000139059664) mode:1, 차익 부족0.0(0.337)
[21:34:13.884][12]빗썸탈출신청결과(C0480000000139059666) status_code:200 , {'uuid': 'C0480000000139059666', 'side': 'bid', 'ord_type': 'limit', 'price': '562', 'state': 'wait', 'market': 'KRW-POL', 'created_at': '2024-11-10T21:34:01+09:00', 'volume': '4000', 'remaining_volume': '4000', 'reserved_fee': '5620', 'remaining_fee': '5620', 'paid_fee': '0', 'locked': '2253621', 'executed_volume': '0', 'trades_count': 0}
[21:34:13.887][12]빗썸탈출신청(C0480000000139059666) mode:1, 차익 부족0.0(0.337)
[21:34:13.924][12][bit](BID) 주문상태:cancel, {'type': 'myOrder', 'code': 'KRW-POL', 'uuid': 'C0480000000139059666', 'ask_bid': 'BID', 'order_type': 'limit', 'state': 'cancel', 'trade_uuid': None, 'price': 562, 'volume': 4000, 'remaining_volume': 4000, 'executed_volume': 0, 'trades_count': 0, 'reserved_fee': 5620, 'remaining_fee': 5620, 'paid_fee': 0, 'executed_funds': 0, 'trade_timestamp': None, 'order_timestamp': 1731242041192, 'timestamp': 1731242053904, 'stream_type': 'REALTIME'}
[21:34:13.924][12]bit33333333333333333 매수취소(C0480000000139059666), {'type': 'myOrder', 'code': 'KRW-POL', 'uuid': 'C0480000000139059666', 'ask_bid': 'BID', 'order_type': 'limit', 'state': 'cancel', 'trade_uuid': None, 'price': 562, 'volume': 4000, 'remaining_volume': 4000, 'executed_volume': 0, 'trades_count': 0, 'reserved_fee': 5620, 'remaining_fee': 5620, 'paid_fee': 0, 'executed_funds': 0, 'trade_timestamp': None, 'order_timestamp': 1731242041192, 'timestamp': 1731242053904, 'stream_type': 'REALTIME'}
[21:34:13.924][12]bit 4444444444444 쓰레드 정리 isclear isClear(C0480000000139059666), 남은양:4000.0, {'type': 'myOrder', 'code': 'KRW-POL', 'uuid': 'C0480000000139059666', 'ask_bid': 'BID', 'order_type': 'limit', 'state': 'cancel', 'trade_uuid': None, 'price': 562, 'volume': 4000, 'remaining_volume': 4000, 'executed_volume': 0, 'trades_count': 0, 'reserved_fee': 5620, 'remaining_fee': 5620, 'paid_fee': 0, 'executed_funds': 0, 'trade_timestamp': None, 'order_timestamp': 1731242041192, 'timestamp': 1731242053904, 'stream_type': 'REALTIME'}
[21:34:13.925][MyApi]stop_threads 시작 C0480000000139059666
[21:34:13.969][13]빗썸탈출신청결과(C0480000000139059667) status_code:200 , {'uuid': 'C0480000000139059667', 'side': 'bid', 'ord_type': 'limit', 'price': '562', 'state': 'wait', 'market': 'KRW-POL', 'created_at': '2024-11-10T21:34:02+09:00', 'volume': '2906.95', 'remaining_volume': '2906.95', 'reserved_fee': '4084.26475', 'remaining_fee': '4084.26475', 'paid_fee': '0', 'locked': '1637791.16475', 'executed_volume': '0', 'trades_count': 0}
[21:34:13.977][13]빗썸탈출신청(C0480000000139059667) mode:1, 차익 부족0.0(0.337)
[21:34:13.979][11]빗썸탈출신청결과(C0480000000139059664) status_code:200 , {'uuid': 'C0480000000139059664', 'side': 'bid', 'ord_type': 'limit', 'price': '562', 'state': 'wait', 'market': 'KRW-POL', 'created_at': '2024-11-10T21:34:00+09:00', 'volume': '4000', 'remaining_volume': '4000', 'reserved_fee': '5620', 'remaining_fee': '5620', 'paid_fee': '0', 'locked': '2253621', 'executed_volume': '0', 'trades_count': 0}
[21:34:14.026][13][bit](BID) 주문상태:cancel, {'type': 'myOrder', 'code': 'KRW-POL', 'uuid': 'C0480000000139059667', 'ask_bid': 'BID', 'order_type': 'limit', 'state': 'cancel', 'trade_uuid': None, 'price': 562, 'volume': 2906.95, 'remaining_volume': 2906.95, 'executed_volume': 0, 'trades_count': 0, 'reserved_fee': 4084.26475, 'remaining_fee': 4084.26475, 'paid_fee': 0, 'executed_funds': 0, 'trade_timestamp': None, 'order_timestamp': 1731242042215, 'timestamp': 1731242054000, 'stream_type': 'REALTIME'}
[21:34:14.026][13]bit33333333333333333 매수취소(C0480000000139059667), {'type': 'myOrder', 'code': 'KRW-POL', 'uuid': 'C0480000000139059667', 'ask_bid': 'BID', 'order_type': 'limit', 'state': 'cancel', 'trade_uuid': None, 'price': 562, 'volume': 2906.95, 'remaining_volume': 2906.95, 'executed_volume': 0, 'trades_count': 0, 'reserved_fee': 4084.26475, 'remaining_fee': 4084.26475, 'paid_fee': 0, 'executed_funds': 0, 'trade_timestamp': None, 'order_timestamp': 1731242042215, 'timestamp': 1731242054000, 'stream_type': 'REALTIME'}
[21:34:14.026][13]bit 4444444444444 쓰레드 정리 isclear isClear(C0480000000139059667), 남은양:2906.95, {'type': 'myOrder', 'code': 'KRW-POL', 'uuid': 'C0480000000139059667', 'ask_bid': 'BID', 'order_type': 'limit', 'state': 'cancel', 'trade_uuid': None, 'price': 562, 'volume': 2906.95, 'remaining_volume': 2906.95, 'executed_volume': 0, 'trades_count': 0, 'reserved_fee': 4084.26475, 'remaining_fee': 4084.26475, 'paid_fee': 0, 'executed_funds': 0, 'trade_timestamp': None, 'order_timestamp': 1731242042215, 'timestamp': 1731242054000, 'stream_type': 'REALTIME'}
[21:34:14.027][MyApi]stop_threads 시작 C0480000000139059667
[21:34:14.027][11]빗썸탈출신청(C0480000000139059664) mode:1, 차익 부족0.0(0.337)
[21:34:14.065][12]빗썸탈출신청결과(C0480000000139059666) status_code:404 , {'error': {'name': 'order_not_found', 'message': '주문을 찾지 못했습니다.'}}
[21:34:14.069][11][bit](BID) 주문상태:cancel, {'type': 'myOrder', 'code': 'KRW-POL', 'uuid': 'C0480000000139059664', 'ask_bid': 'BID', 'order_type': 'limit', 'state': 'cancel', 'trade_uuid': None, 'price': 562, 'volume': 4000, 'remaining_volume': 4000, 'executed_volume': 0, 'trades_count': 0, 'reserved_fee': 5620, 'remaining_fee': 5620, 'paid_fee': 0, 'executed_funds': 0, 'trade_timestamp': None, 'order_timestamp': 1731242040151, 'timestamp': 1731242054052, 'stream_type': 'REALTIME'}
[21:34:14.070][11]bit33333333333333333 매수취소(C0480000000139059664), {'type': 'myOrder', 'code': 'KRW-POL', 'uuid': 'C0480000000139059664', 'ask_bid': 'BID', 'order_type': 'limit', 'state': 'cancel', 'trade_uuid': None, 'price': 562, 'volume': 4000, 'remaining_volume': 4000, 'executed_volume': 0, 'trades_count': 0, 'reserved_fee': 5620, 'remaining_fee': 5620, 'paid_fee': 0, 'executed_funds': 0, 'trade_timestamp': None, 'order_timestamp': 1731242040151, 'timestamp': 1731242054052, 'stream_type': 'REALTIME'}
[21:34:14.070][11]bit 4444444444444 쓰레드 정리 isclear isClear(C0480000000139059664), 남은양:4000.0, {'type': 'myOrder', 'code': 'KRW-POL', 'uuid': 'C0480000000139059664', 'ask_bid': 'BID', 'order_type': 'limit', 'state': 'cancel', 'trade_uuid': None, 'price': 562, 'volume': 4000, 'remaining_volume': 4000, 'executed_volume': 0, 'trades_count': 0, 'reserved_fee': 5620, 'remaining_fee': 5620, 'paid_fee': 0, 'executed_funds': 0, 'trade_timestamp': None, 'order_timestamp': 1731242040151, 'timestamp': 1731242054052, 'stream_type': 'REALTIME'}
[21:34:14.077][MyApi]stop_threads 시작 C0480000000139059664
[21:34:14.086]빗썸 [12][MyApi]쓰레드 종료
[21:34:14.086][12] 666666666666666 [MyApi]stop_threads 종료 C0480000000139059666
[21:34:14.204][13]빗썸탈출신청결과(C0480000000139059667) status_code:404 , {'error': {'name': 'order_not_found', 'message': '주문을 찾지 못했습니다.'}}
[21:34:14.209]빗썸 [13][MyApi]쓰레드 종료
[21:34:14.209][13] 666666666666666 [MyApi]stop_threads 종료 C0480000000139059667
[21:34:14.306][11]빗썸탈출신청결과(C0480000000139059664) status_code:404 , {'error': {'name': 'order_not_found', 'message': '주문을 찾지 못했습니다.'}}
[21:34:14.310]빗썸 [11][MyApi]쓰레드 종료
[21:34:14.310][11] 666666666666666 [MyApi]stop_threads 종료 C0480000000139059664
[21:40:38.956][14]빗썸1111111111111매수신청 완료(C0480000000139060111), mode:1, result:{'uuid': 'C0480000000139060111', 'side': 'bid', 'ord_type': 'limit', 'price': '562', 'state': 'wait', 'market': 'KRW-POL', 'created_at': '2024-11-10T21:40:38+09:00', 'volume': '408.52575', 'remaining_volume': '408.52575', 'reserved_fee': '573.97867875', 'remaining_fee': '573.97867875', 'paid_fee': '0', 'locked': '230166.45017875', 'executed_volume': '0', 'trades_count': 0}
[21:40:38.983][14][bit](BID) 주문상태:wait, {'type': 'myOrder', 'code': 'KRW-POL', 'uuid': 'C0480000000139060111', 'ask_bid': 'BID', 'order_type': 'limit', 'state': 'wait', 'trade_uuid': None, 'price': 562, 'volume': 408.52575, 'remaining_volume': 408.52575, 'executed_volume': 0, 'trades_count': 0, 'reserved_fee': 573.97867875, 'remaining_fee': 573.97867875, 'paid_fee': 0, 'executed_funds': 0, 'trade_timestamp': None, 'order_timestamp': 1731242438857, 'timestamp': 1731242438975, 'stream_type': 'REALTIME'}
[21:40:38.984][14]bit22222222222222222 매수대기 (C0480000000139060111),{'type': 'myOrder', 'code': 'KRW-POL', 'uuid': 'C0480000000139060111', 'ask_bid': 'BID', 'order_type': 'limit', 'state': 'wait', 'trade_uuid': None, 'price': 562, 'volume': 408.52575, 'remaining_volume': 408.52575, 'executed_volume': 0, 'trades_count': 0, 'reserved_fee': 573.97867875, 'remaining_fee': 573.97867875, 'paid_fee': 0, 'executed_funds': 0, 'trade_timestamp': None, 'order_timestamp': 1731242438857, 'timestamp': 1731242438975, 'stream_type': 'REALTIME'}
[21:40:42.478][14]빗썸탈출신청(C0480000000139060111) mode:1, 최종적으로 수량 부족으로 탈출. 업빗매수2차익:0.0, BitToUp:0.337, UpToBit:0.281, 남은매수/신청매수:408.52575/408.52575, buy_amount:27.42575534, get_total_units:0, up_buy1_amount:27.42575534, up_buy2_amount:6025.96797153
[21:40:42.733][14]빗썸탈출신청결과(C0480000000139060111) status_code:200 , {'uuid': 'C0480000000139060111', 'side': 'bid', 'ord_type': 'limit', 'price': '562', 'state': 'wait', 'market': 'KRW-POL', 'created_at': '2024-11-10T21:40:38+09:00', 'volume': '408.52575', 'remaining_volume': '408.52575', 'reserved_fee': '573.97867875', 'remaining_fee': '573.97867875', 'paid_fee': '0', 'locked': '230166.45017875', 'executed_volume': '0', 'trades_count': 0}
[21:40:42.761][14][bit](BID) 주문상태:cancel, {'type': 'myOrder', 'code': 'KRW-POL', 'uuid': 'C0480000000139060111', 'ask_bid': 'BID', 'order_type': 'limit', 'state': 'cancel', 'trade_uuid': None, 'price': 562, 'volume': 408.52575, 'remaining_volume': 408.52575, 'executed_volume': 0, 'trades_count': 0, 'reserved_fee': 573.97867875, 'remaining_fee': 573.97867875, 'paid_fee': 0, 'executed_funds': 0, 'trade_timestamp': None, 'order_timestamp': 1731242438857, 'timestamp': 1731242442753, 'stream_type': 'REALTIME'}
[21:40:42.761][14]bit33333333333333333 매수취소(C0480000000139060111), {'type': 'myOrder', 'code': 'KRW-POL', 'uuid': 'C0480000000139060111', 'ask_bid': 'BID', 'order_type': 'limit', 'state': 'cancel', 'trade_uuid': None, 'price': 562, 'volume': 408.52575, 'remaining_volume': 408.52575, 'executed_volume': 0, 'trades_count': 0, 'reserved_fee': 573.97867875, 'remaining_fee': 573.97867875, 'paid_fee': 0, 'executed_funds': 0, 'trade_timestamp': None, 'order_timestamp': 1731242438857, 'timestamp': 1731242442753, 'stream_type': 'REALTIME'}
[21:40:42.761][14]bit 4444444444444 쓰레드 정리 isclear isClear(C0480000000139060111), 남은양:408.52575, {'type': 'myOrder', 'code': 'KRW-POL', 'uuid': 'C0480000000139060111', 'ask_bid': 'BID', 'order_type': 'limit', 'state': 'cancel', 'trade_uuid': None, 'price': 562, 'volume': 408.52575, 'remaining_volume': 408.52575, 'executed_volume': 0, 'trades_count': 0, 'reserved_fee': 573.97867875, 'remaining_fee': 573.97867875, 'paid_fee': 0, 'executed_funds': 0, 'trade_timestamp': None, 'order_timestamp': 1731242438857, 'timestamp': 1731242442753, 'stream_type': 'REALTIME'}
[21:40:42.762][MyApi]stop_threads 시작 C0480000000139060111
[21:40:42.763]빗썸 [14][MyApi]쓰레드 종료
[21:40:42.764][14] 666666666666666 [MyApi]stop_threads 종료 C0480000000139060111
[21:40:43.618][15]빗썸1111111111111매수신청 완료(C0480000000139060114), mode:1, result:{'uuid': 'C0480000000139060114', 'side': 'bid', 'ord_type': 'limit', 'price': '562', 'state': 'wait', 'market': 'KRW-POL', 'created_at': '2024-11-10T21:40:43+09:00', 'volume': '27.42575', 'remaining_volume': '27.42575', 'reserved_fee': '38.53317875', 'remaining_fee': '38.53317875', 'paid_fee': '0', 'locked': '15452.80467875', 'executed_volume': '0', 'trades_count': 0}
[21:40:43.669][15][bit](BID) 주문상태:wait, {'type': 'myOrder', 'code': 'KRW-POL', 'uuid': 'C0480000000139060114', 'ask_bid': 'BID', 'order_type': 'limit', 'state': 'wait', 'trade_uuid': None, 'price': 562, 'volume': 27.42575, 'remaining_volume': 27.42575, 'executed_volume': 0, 'trades_count': 0, 'reserved_fee': 38.53317875, 'remaining_fee': 38.53317875, 'paid_fee': 0, 'executed_funds': 0, 'trade_timestamp': None, 'order_timestamp': 1731242443538, 'timestamp': 1731242443657, 'stream_type': 'REALTIME'}
[21:40:43.670][15]bit22222222222222222 매수대기 (C0480000000139060114),{'type': 'myOrder', 'code': 'KRW-POL', 'uuid': 'C0480000000139060114', 'ask_bid': 'BID', 'order_type': 'limit', 'state': 'wait', 'trade_uuid': None, 'price': 562, 'volume': 27.42575, 'remaining_volume': 27.42575, 'executed_volume': 0, 'trades_count': 0, 'reserved_fee': 38.53317875, 'remaining_fee': 38.53317875, 'paid_fee': 0, 'executed_funds': 0, 'trade_timestamp': None, 'order_timestamp': 1731242443538, 'timestamp': 1731242443657, 'stream_type': 'REALTIME'}
[21:40:53.668][bit]프로그램으로 신청한게 아닌거 같음. 확인 필요.C0480000000139060117, wait, {'type': 'myOrder', 'code': 'KRW-POL', 'uuid': 'C0480000000139060117', 'ask_bid': 'BID', 'order_type': 'limit', 'state': 'wait', 'trade_uuid': None, 'price': 562, 'volume': 35.52398, 'remaining_volume': 35.52398, 'executed_volume': 0, 'trades_count': 0, 'reserved_fee': 49.9111919, 'remaining_fee': 49.9111919, 'paid_fee': 0, 'executed_funds': 0, 'trade_timestamp': None, 'order_timestamp': 1731242453581, 'timestamp': 1731242453660, 'stream_type': 'REALTIME'}
[21:40:53.681][16]빗썸1111111111111매수신청 완료(C0480000000139060117), mode:1, result:{'uuid': 'C0480000000139060117', 'side': 'bid', 'ord_type': 'limit', 'price': '562', 'state': 'wait', 'market': 'KRW-POL', 'created_at': '2024-11-10T21:40:53+09:00', 'volume': '35.52398', 'remaining_volume': '35.52398', 'reserved_fee': '49.9111919', 'remaining_fee': '49.9111919', 'paid_fee': '0', 'locked': '20015.3879519', 'executed_volume': '0', 'trades_count': 0}
[21:40:58.746][17]빗썸1111111111111매수신청 완료(C0480000000139060119), mode:1, result:{'uuid': 'C0480000000139060119', 'side': 'bid', 'ord_type': 'limit', 'price': '562', 'state': 'wait', 'market': 'KRW-POL', 'created_at': '2024-11-10T21:40:58+09:00', 'volume': '466.67661', 'remaining_volume': '466.67661', 'reserved_fee': '655.68063705', 'remaining_fee': '655.68063705', 'paid_fee': '0', 'locked': '262928.93545705', 'executed_volume': '0', 'trades_count': 0}
[21:40:58.810][17][bit](BID) 주문상태:wait, {'type': 'myOrder', 'code': 'KRW-POL', 'uuid': 'C0480000000139060119', 'ask_bid': 'BID', 'order_type': 'limit', 'state': 'wait', 'trade_uuid': None, 'price': 562, 'volume': 466.67661, 'remaining_volume': 466.67661, 'executed_volume': 0, 'trades_count': 0, 'reserved_fee': 655.68063705, 'remaining_fee': 655.68063705, 'paid_fee': 0, 'executed_funds': 0, 'trade_timestamp': None, 'order_timestamp': 1731242458678, 'timestamp': 1731242458801, 'stream_type': 'REALTIME'}
[21:40:58.812][17]bit22222222222222222 매수대기 (C0480000000139060119),{'type': 'myOrder', 'code': 'KRW-POL', 'uuid': 'C0480000000139060119', 'ask_bid': 'BID', 'order_type': 'limit', 'state': 'wait', 'trade_uuid': None, 'price': 562, 'volume': 466.67661, 'remaining_volume': 466.67661, 'executed_volume': 0, 'trades_count': 0, 'reserved_fee': 655.68063705, 'remaining_fee': 655.68063705, 'paid_fee': 0, 'executed_funds': 0, 'trade_timestamp': None, 'order_timestamp': 1731242458678, 'timestamp': 1731242458801, 'stream_type': 'REALTIME'}
[21:40:59.277][15]빗썸탈출신청(C0480000000139060114) mode:1, 차익 부족0.0(0.337)
[21:40:59.277][17]빗썸탈출신청(C0480000000139060119) mode:1, 차익 부족0.0(0.337)
[21:40:59.277][16]빗썸탈출신청(C0480000000139060117) mode:1, 차익 부족0.0(0.337)
[21:40:59.625][15]빗썸탈출신청결과(C0480000000139060114) status_code:200 , {'uuid': 'C0480000000139060114', 'side': 'bid', 'ord_type': 'limit', 'price': '562', 'state': 'wait', 'market': 'KRW-POL', 'created_at': '2024-11-10T21:40:43+09:00', 'volume': '27.42575', 'remaining_volume': '27.42575', 'reserved_fee': '38.53317875', 'remaining_fee': '38.53317875', 'paid_fee': '0', 'locked': '15452.80467875', 'executed_volume': '0', 'trades_count': 0}
[21:40:59.633][17]빗썸탈출신청결과(C0480000000139060119) status_code:200 , {'uuid': 'C0480000000139060119', 'side': 'bid', 'ord_type': 'limit', 'price': '562', 'state': 'wait', 'market': 'KRW-POL', 'created_at': '2024-11-10T21:40:58+09:00', 'volume': '466.67661', 'remaining_volume': '466.67661', 'reserved_fee': '655.68063705', 'remaining_fee': '655.68063705', 'paid_fee': '0', 'locked': '262928.93545705', 'executed_volume': '0', 'trades_count': 0}
[21:40:59.665][16]빗썸탈출신청결과(C0480000000139060117) status_code:200 , {'uuid': 'C0480000000139060117', 'side': 'bid', 'ord_type': 'limit', 'price': '562', 'state': 'wait', 'market': 'KRW-POL', 'created_at': '2024-11-10T21:40:53+09:00', 'volume': '35.52398', 'remaining_volume': '35.52398', 'reserved_fee': '49.9111919', 'remaining_fee': '49.9111919', 'paid_fee': '0', 'locked': '20015.3879519', 'executed_volume': '0', 'trades_count': 0}
[21:40:59.668][15][bit](BID) 주문상태:cancel, {'type': 'myOrder', 'code': 'KRW-POL', 'uuid': 'C0480000000139060114', 'ask_bid': 'BID', 'order_type': 'limit', 'state': 'cancel', 'trade_uuid': None, 'price': 562, 'volume': 27.42575, 'remaining_volume': 27.42575, 'executed_volume': 0, 'trades_count': 0, 'reserved_fee': 38.53317875, 'remaining_fee': 38.53317875, 'paid_fee': 0, 'executed_funds': 0, 'trade_timestamp': None, 'order_timestamp': 1731242443538, 'timestamp': 1731242459655, 'stream_type': 'REALTIME'}
[21:40:59.668][15]bit33333333333333333 매수취소(C0480000000139060114), {'type': 'myOrder', 'code': 'KRW-POL', 'uuid': 'C0480000000139060114', 'ask_bid': 'BID', 'order_type': 'limit', 'state': 'cancel', 'trade_uuid': None, 'price': 562, 'volume': 27.42575, 'remaining_volume': 27.42575, 'executed_volume': 0, 'trades_count': 0, 'reserved_fee': 38.53317875, 'remaining_fee': 38.53317875, 'paid_fee': 0, 'executed_funds': 0, 'trade_timestamp': None, 'order_timestamp': 1731242443538, 'timestamp': 1731242459655, 'stream_type': 'REALTIME'}
[21:40:59.669][15]bit 4444444444444 쓰레드 정리 isclear isClear(C0480000000139060114), 남은양:27.42575, {'type': 'myOrder', 'code': 'KRW-POL', 'uuid': 'C0480000000139060114', 'ask_bid': 'BID', 'order_type': 'limit', 'state': 'cancel', 'trade_uuid': None, 'price': 562, 'volume': 27.42575, 'remaining_volume': 27.42575, 'executed_volume': 0, 'trades_count': 0, 'reserved_fee': 38.53317875, 'remaining_fee': 38.53317875, 'paid_fee': 0, 'executed_funds': 0, 'trade_timestamp': None, 'order_timestamp': 1731242443538, 'timestamp': 1731242459655, 'stream_type': 'REALTIME'}[21:40:59.669][15]빗썸탈출신청(C0480000000139060114) mode:1, 차익 부족0.0(0.337)
[21:40:59.669][17]빗썸탈출신청(C0480000000139060119) mode:1, 차익 부족0.0(0.337)

[21:40:59.677][MyApi]stop_threads 시작 C0480000000139060114
[21:40:59.677][16]빗썸탈출신청(C0480000000139060117) mode:1, 차익 부족0.0(0.337)
[21:40:59.714][17][bit](BID) 주문상태:cancel, {'type': 'myOrder', 'code': 'KRW-POL', 'uuid': 'C0480000000139060119', 'ask_bid': 'BID', 'order_type': 'limit', 'state': 'cancel', 'trade_uuid': None, 'price': 562, 'volume': 466.67661, 'remaining_volume': 466.67661, 'executed_volume': 0, 'trades_count': 0, 'reserved_fee': 655.68063705, 'remaining_fee': 655.68063705, 'paid_fee': 0, 'executed_funds': 0, 'trade_timestamp': None, 'order_timestamp': 1731242458678, 'timestamp': 1731242459702, 'stream_type': 'REALTIME'}
[21:40:59.714][17]bit33333333333333333 매수취소(C0480000000139060119), {'type': 'myOrder', 'code': 'KRW-POL', 'uuid': 'C0480000000139060119', 'ask_bid': 'BID', 'order_type': 'limit', 'state': 'cancel', 'trade_uuid': None, 'price': 562, 'volume': 466.67661, 'remaining_volume': 466.67661, 'executed_volume': 0, 'trades_count': 0, 'reserved_fee': 655.68063705, 'remaining_fee': 655.68063705, 'paid_fee': 0, 'executed_funds': 0, 'trade_timestamp': None, 'order_timestamp': 1731242458678, 'timestamp': 1731242459702, 'stream_type': 'REALTIME'}
[21:40:59.714][17]bit 4444444444444 쓰레드 정리 isclear isClear(C0480000000139060119), 남은양:466.67661, {'type': 'myOrder', 'code': 'KRW-POL', 'uuid': 'C0480000000139060119', 'ask_bid': 'BID', 'order_type': 'limit', 'state': 'cancel', 'trade_uuid': None, 'price': 562, 'volume': 466.67661, 'remaining_volume': 466.67661, 'executed_volume': 0, 'trades_count': 0, 'reserved_fee': 655.68063705, 'remaining_fee': 655.68063705, 'paid_fee': 0, 'executed_funds': 0, 'trade_timestamp': None, 'order_timestamp': 1731242458678, 'timestamp': 1731242459702, 'stream_type': 'REALTIME'}
[21:40:59.717][MyApi]stop_threads 시작 C0480000000139060119
[21:40:59.718][16][bit](BID) 주문상태:cancel, {'type': 'myOrder', 'code': 'KRW-POL', 'uuid': 'C0480000000139060117', 'ask_bid': 'BID', 'order_type': 'limit', 'state': 'cancel', 'trade_uuid': None, 'price': 562, 'volume': 35.52398, 'remaining_volume': 35.52398, 'executed_volume': 0, 'trades_count': 0, 'reserved_fee': 49.9111919, 'remaining_fee': 49.9111919, 'paid_fee': 0, 'executed_funds': 0, 'trade_timestamp': None, 'order_timestamp': 1731242453581, 'timestamp': 1731242459702, 'stream_type': 'REALTIME'}
[21:40:59.719][16]bit33333333333333333 매수취소(C0480000000139060117), {'type': 'myOrder', 'code': 'KRW-POL', 'uuid': 'C0480000000139060117', 'ask_bid': 'BID', 'order_type': 'limit', 'state': 'cancel', 'trade_uuid': None, 'price': 562, 'volume': 35.52398, 'remaining_volume': 35.52398, 'executed_volume': 0, 'trades_count': 0, 'reserved_fee': 49.9111919, 'remaining_fee': 49.9111919, 'paid_fee': 0, 'executed_funds': 0, 'trade_timestamp': None, 'order_timestamp': 1731242453581, 'timestamp': 1731242459702, 'stream_type': 'REALTIME'}
[21:40:59.719][16]bit 4444444444444 쓰레드 정리 isclear isClear(C0480000000139060117), 남은양:35.52398, {'type': 'myOrder', 'code': 'KRW-POL', 'uuid': 'C0480000000139060117', 'ask_bid': 'BID', 'order_type': 'limit', 'state': 'cancel', 'trade_uuid': None, 'price': 562, 'volume': 35.52398, 'remaining_volume': 35.52398, 'executed_volume': 0, 'trades_count': 0, 'reserved_fee': 49.9111919, 'remaining_fee': 49.9111919, 'paid_fee': 0, 'executed_funds': 0, 'trade_timestamp': None, 'order_timestamp': 1731242453581, 'timestamp': 1731242459702, 'stream_type': 'REALTIME'}
[21:40:59.722][MyApi]stop_threads 시작 C0480000000139060117
[21:40:59.954][15]빗썸탈출신청결과(C0480000000139060114) status_code:404 , {'error': {'name': 'order_not_found', 'message': '주문을 찾지 못했습니다.'}}
[21:40:59.956]빗썸 [15][MyApi]쓰레드 종료
[21:40:59.956][15] 666666666666666 [MyApi]stop_threads 종료 C0480000000139060114
[21:40:59.962][16]빗썸탈출신청결과(C0480000000139060117) status_code:404 , {'error': {'name': 'order_not_found', 'message': '주문을 찾지 못했습니다.'}}
[21:40:59.965][17]빗썸탈출신청결과(C0480000000139060119) status_code:404 , {'error': {'name': 'order_not_found', 'message': '주문을 찾지 못했습니다.'}}
[21:40:59.967]빗썸 [16][MyApi]쓰레드 종료
[21:40:59.967][16] 666666666666666 [MyApi]stop_threads 종료 C0480000000139060117
[21:40:59.969]빗썸 [17][MyApi]쓰레드 종료
[21:40:59.969][17] 666666666666666 [MyApi]stop_threads 종료 C0480000000139060119
[21:41:08.599][18]빗썸1111111111111매수신청 완료(C0480000000139060144), mode:1, result:{'uuid': 'C0480000000139060144', 'side': 'bid', 'ord_type': 'limit', 'price': '561', 'state': 'wait', 'market': 'KRW-POL', 'created_at': '2024-11-10T21:41:08+09:00', 'volume': '4000', 'remaining_volume': '4000', 'reserved_fee': '5610', 'remaining_fee': '5610', 'paid_fee': '0', 'locked': '2249611', 'executed_volume': '0', 'trades_count': 0}
[21:41:08.634][18][bit](BID) 주문상태:wait, {'type': 'myOrder', 'code': 'KRW-POL', 'uuid': 'C0480000000139060144', 'ask_bid': 'BID', 'order_type': 'limit', 'state': 'wait', 'trade_uuid': None, 'price': 561, 'volume': 4000, 'remaining_volume': 4000, 'executed_volume': 0, 'trades_count': 0, 'reserved_fee': 5610, 'remaining_fee': 5610, 'paid_fee': 0, 'executed_funds': 0, 'trade_timestamp': None, 'order_timestamp': 1731242468459, 'timestamp': 1731242468617, 'stream_type': 'REALTIME'}
[21:41:08.636][18]bit22222222222222222 매수대기 (C0480000000139060144),{'type': 'myOrder', 'code': 'KRW-POL', 'uuid': 'C0480000000139060144', 'ask_bid': 'BID', 'order_type': 'limit', 'state': 'wait', 'trade_uuid': None, 'price': 561, 'volume': 4000, 'remaining_volume': 4000, 'executed_volume': 0, 'trades_count': 0, 'reserved_fee': 5610, 'remaining_fee': 5610, 'paid_fee': 0, 'executed_funds': 0, 'trade_timestamp': None, 'order_timestamp': 1731242468459, 'timestamp': 1731242468617, 'stream_type': 'REALTIME'}
[21:41:11.223][18]빗썸탈출신청(C0480000000139060144) mode:1, 빗썸매수3까지 내려옴. 매수금액(561.0), 매수2(562.0)
[21:41:11.513][18][bit](BID) 주문상태:cancel, {'type': 'myOrder', 'code': 'KRW-POL', 'uuid': 'C0480000000139060144', 'ask_bid': 'BID', 'order_type': 'limit', 'state': 'cancel', 'trade_uuid': None, 'price': 561, 'volume': 4000, 'remaining_volume': 4000, 'executed_volume': 0, 'trades_count': 0, 'reserved_fee': 5610, 'remaining_fee': 5610, 'paid_fee': 0, 'executed_funds': 0, 'trade_timestamp': None, 'order_timestamp': 1731242468459, 'timestamp': 1731242471503, 'stream_type': 'REALTIME'}
[21:41:11.513][18]bit33333333333333333 매수취소(C0480000000139060144), {'type': 'myOrder', 'code': 'KRW-POL', 'uuid': 'C0480000000139060144', 'ask_bid': 'BID', 'order_type': 'limit', 'state': 'cancel', 'trade_uuid': None, 'price': 561, 'volume': 4000, 'remaining_volume': 4000, 'executed_volume': 0, 'trades_count': 0, 'reserved_fee': 5610, 'remaining_fee': 5610, 'paid_fee': 0, 'executed_funds': 0, 'trade_timestamp': None, 'order_timestamp': 1731242468459, 'timestamp': 1731242471503, 'stream_type': 'REALTIME'}
[21:41:11.513][18]bit 4444444444444 쓰레드 정리 isclear isClear(C0480000000139060144), 남은양:4000.0, {'type': 'myOrder', 'code': 'KRW-POL', 'uuid': 'C0480000000139060144', 'ask_bid': 'BID', 'order_type': 'limit', 'state': 'cancel', 'trade_uuid': None, 'price': 561, 'volume': 4000, 'remaining_volume': 4000, 'executed_volume': 0, 'trades_count': 0, 'reserved_fee': 5610, 'remaining_fee': 5610, 'paid_fee': 0, 'executed_funds': 0, 'trade_timestamp': None, 'order_timestamp': 1731242468459, 'timestamp': 1731242471503, 'stream_type': 'REALTIME'}
[21:41:11.514][MyApi]stop_threads 시작 C0480000000139060144
[21:41:11.559][18]빗썸탈출신청결과(C0480000000139060144) status_code:200 , {'uuid': 'C0480000000139060144', 'side': 'bid', 'ord_type': 'limit', 'price': '561', 'state': 'wait', 'market': 'KRW-POL', 'created_at': '2024-11-10T21:41:08+09:00', 'volume': '4000', 'remaining_volume': '4000', 'reserved_fee': '5610', 'remaining_fee': '5610', 'paid_fee': '0', 'locked': '2249611', 'executed_volume': '0', 'trades_count': 0}
[21:41:11.562]빗썸 [18][MyApi]쓰레드 종료
[21:41:11.562][18] 666666666666666 [MyApi]stop_threads 종료 C0480000000139060144
[21:41:12.511][19]빗썸1111111111111매수신청 완료(C0480000000139060165), mode:1, result:{'uuid': 'C0480000000139060165', 'side': 'bid', 'ord_type': 'limit', 'price': '562', 'state': 'wait', 'market': 'KRW-POL', 'created_at': '2024-11-10T21:41:12+09:00', 'volume': '298.86878', 'remaining_volume': '298.86878', 'reserved_fee': '419.9106359', 'remaining_fee': '419.9106359', 'paid_fee': '0', 'locked': '168385.1649959', 'executed_volume': '0', 'trades_count': 0}
[21:41:12.582][19][bit](BID) 주문상태:wait, {'type': 'myOrder', 'code': 'KRW-POL', 'uuid': 'C0480000000139060165', 'ask_bid': 'BID', 'order_type': 'limit', 'state': 'wait', 'trade_uuid': None, 'price': 562, 'volume': 298.86878, 'remaining_volume': 298.86878, 'executed_volume': 0, 'trades_count': 0, 'reserved_fee': 419.9106359, 'remaining_fee': 419.9106359, 'paid_fee': 0, 'executed_funds': 0, 'trade_timestamp': None, 'order_timestamp': 1731242472430, 'timestamp': 1731242472551, 'stream_type': 'REALTIME'}
[21:41:12.583][19]bit22222222222222222 매수대기 (C0480000000139060165),{'type': 'myOrder', 'code': 'KRW-POL', 'uuid': 'C0480000000139060165', 'ask_bid': 'BID', 'order_type': 'limit', 'state': 'wait', 'trade_uuid': None, 'price': 562, 'volume': 298.86878, 'remaining_volume': 298.86878, 'executed_volume': 0, 'trades_count': 0, 'reserved_fee': 419.9106359, 'remaining_fee': 419.9106359, 'paid_fee': 0, 'executed_funds': 0, 'trade_timestamp': None, 'order_timestamp': 1731242472430, 'timestamp': 1731242472551, 'stream_type': 'REALTIME'}
[21:41:14.678][19]빗썸탈출신청(C0480000000139060165) mode:1, 차익 부족0.0(0.337)
[21:41:14.966][19]빗썸탈출신청결과(C0480000000139060165) status_code:200 , {'uuid': 'C0480000000139060165', 'side': 'bid', 'ord_type': 'limit', 'price': '562', 'state': 'wait', 'market': 'KRW-POL', 'created_at': '2024-11-10T21:41:12+09:00', 'volume': '298.86878', 'remaining_volume': '298.86878', 'reserved_fee': '419.9106359', 'remaining_fee': '419.9106359', 'paid_fee': '0', 'locked': '168385.1649959', 'executed_volume': '0', 'trades_count': 0}
[21:41:15.019][19][bit](BID) 주문상태:cancel, {'type': 'myOrder', 'code': 'KRW-POL', 'uuid': 'C0480000000139060165', 'ask_bid': 'BID', 'order_type': 'limit', 'state': 'cancel', 'trade_uuid': None, 'price': 562, 'volume': 298.86878, 'remaining_volume': 298.86878, 'executed_volume': 0, 'trades_count': 0, 'reserved_fee': 419.9106359, 'remaining_fee': 419.9106359, 'paid_fee': 0, 'executed_funds': 0, 'trade_timestamp': None, 'order_timestamp': 1731242472430, 'timestamp': 1731242475008, 'stream_type': 'REALTIME'}
[21:41:15.019][19]bit33333333333333333 매수취소(C0480000000139060165), {'type': 'myOrder', 'code': 'KRW-POL', 'uuid': 'C0480000000139060165', 'ask_bid': 'BID', 'order_type': 'limit', 'state': 'cancel', 'trade_uuid': None, 'price': 562, 'volume': 298.86878, 'remaining_volume': 298.86878, 'executed_volume': 0, 'trades_count': 0, 'reserved_fee': 419.9106359, 'remaining_fee': 419.9106359, 'paid_fee': 0, 'executed_funds': 0, 'trade_timestamp': None, 'order_timestamp': 1731242472430, 'timestamp': 1731242475008, 'stream_type': 'REALTIME'}
[21:41:15.019][19]bit 4444444444444 쓰레드 정리 isclear isClear(C0480000000139060165), 남은양:298.86878, {'type': 'myOrder', 'code': 'KRW-POL', 'uuid': 'C0480000000139060165', 'ask_bid': 'BID', 'order_type': 'limit', 'state': 'cancel', 'trade_uuid': None, 'price': 562, 'volume': 298.86878, 'remaining_volume': 298.86878, 'executed_volume': 0, 'trades_count': 0, 'reserved_fee': 419.9106359, 'remaining_fee': 419.9106359, 'paid_fee': 0, 'executed_funds': 0, 'trade_timestamp': None, 'order_timestamp': 1731242472430, 'timestamp': 1731242475008, 'stream_type': 'REALTIME'}
[21:41:15.021][MyApi]stop_threads 시작 C0480000000139060165
[21:41:15.022]빗썸 [19][MyApi]쓰레드 종료
[21:41:15.022][19] 666666666666666 [MyApi]stop_threads 종료 C0480000000139060165
[21:41:26.947][20]빗썸1111111111111매수신청 완료(C0480000000139060195), mode:1, result:{'uuid': 'C0480000000139060195', 'side': 'bid', 'ord_type': 'limit', 'price': '562', 'state': 'wait', 'market': 'KRW-POL', 'created_at': '2024-11-10T21:41:26+09:00', 'volume': '1742.48222', 'remaining_volume': '1742.48222', 'reserved_fee': '2448.1875191', 'remaining_fee': '2448.1875191', 'paid_fee': '0', 'locked': '981724.1951591', 'executed_volume': '0', 'trades_count': 0}
[21:41:27.019][20][bit](BID) 주문상태:wait, {'type': 'myOrder', 'code': 'KRW-POL', 'uuid': 'C0480000000139060195', 'ask_bid': 'BID', 'order_type': 'limit', 'state': 'wait', 'trade_uuid': None, 'price': 562, 'volume': 1742.48222, 'remaining_volume': 1742.48222, 'executed_volume': 0, 'trades_count': 0, 'reserved_fee': 2448.1875191, 'remaining_fee': 2448.1875191, 'paid_fee': 0, 'executed_funds': 0, 'trade_timestamp': None, 'order_timestamp': 1731242486869, 'timestamp': 1731242487009, 'stream_type': 'REALTIME'}
[21:41:27.020][20]bit22222222222222222 매수대기 (C0480000000139060195),{'type': 'myOrder', 'code': 'KRW-POL', 'uuid': 'C0480000000139060195', 'ask_bid': 'BID', 'order_type': 'limit', 'state': 'wait', 'trade_uuid': None, 'price': 562, 'volume': 1742.48222, 'remaining_volume': 1742.48222, 'executed_volume': 0, 'trades_count': 0, 'reserved_fee': 2448.1875191, 'remaining_fee': 2448.1875191, 'paid_fee': 0, 'executed_funds': 0, 'trade_timestamp': None, 'order_timestamp': 1731242486869, 'timestamp': 1731242487009, 'stream_type': 'REALTIME'}
[21:41:36.587][20]빗썸탈출신청(C0480000000139060195) mode:1, 차익 부족0.0(0.337)
[21:41:36.875][20]빗썸탈출신청결과(C0480000000139060195) status_code:200 , {'uuid': 'C0480000000139060195', 'side': 'bid', 'ord_type': 'limit', 'price': '562', 'state': 'wait', 'market': 'KRW-POL', 'created_at': '2024-11-10T21:41:26+09:00', 'volume': '1742.48222', 'remaining_volume': '1742.48222', 'reserved_fee': '2448.1875191', 'remaining_fee': '2448.1875191', 'paid_fee': '0', 'locked': '981724.1951591', 'executed_volume': '0', 'trades_count': 0}
[21:41:36.939][20][bit](BID) 주문상태:cancel, {'type': 'myOrder', 'code': 'KRW-POL', 'uuid': 'C0480000000139060195', 'ask_bid': 'BID', 'order_type': 'limit', 'state': 'cancel', 'trade_uuid': None, 'price': 562, 'volume': 1742.48222, 'remaining_volume': 1742.48222, 'executed_volume': 0, 'trades_count': 0, 'reserved_fee': 2448.1875191, 'remaining_fee': 2448.1875191, 'paid_fee': 0, 'executed_funds': 0, 'trade_timestamp': None, 'order_timestamp': 1731242486869, 'timestamp': 1731242496911, 'stream_type': 'REALTIME'}
[21:41:36.940][20]bit33333333333333333 매수취소(C0480000000139060195), {'type': 'myOrder', 'code': 'KRW-POL', 'uuid': 'C0480000000139060195', 'ask_bid': 'BID', 'order_type': 'limit', 'state': 'cancel', 'trade_uuid': None, 'price': 562, 'volume': 1742.48222, 'remaining_volume': 1742.48222, 'executed_volume': 0, 'trades_count': 0, 'reserved_fee': 2448.1875191, 'remaining_fee': 2448.1875191, 'paid_fee': 0, 'executed_funds': 0, 'trade_timestamp': None, 'order_timestamp': 1731242486869, 'timestamp': 1731242496911, 'stream_type': 'REALTIME'}
[21:41:36.940][20]bit 4444444444444 쓰레드 정리 isclear isClear(C0480000000139060195), 남은양:1742.48222, {'type': 'myOrder', 'code': 'KRW-POL', 'uuid': 'C0480000000139060195', 'ask_bid': 'BID', 'order_type': 'limit', 'state': 'cancel', 'trade_uuid': None, 'price': 562, 'volume': 1742.48222, 'remaining_volume': 1742.48222, 'executed_volume': 0, 'trades_count': 0, 'reserved_fee': 2448.1875191, 'remaining_fee': 2448.1875191, 'paid_fee': 0, 'executed_funds': 0, 'trade_timestamp': None, 'order_timestamp': 1731242486869, 'timestamp': 1731242496911, 'stream_type': 'REALTIME'}
[21:41:36.941][MyApi]stop_threads 시작 C0480000000139060195
[21:41:36.943]빗썸 [20][MyApi]쓰레드 종료
[21:41:36.944][20] 666666666666666 [MyApi]stop_threads 종료 C0480000000139060195
[21:42:51.881][21]빗썸1111111111111매수신청 완료(C0480000000139060276), mode:1, result:{'uuid': 'C0480000000139060276', 'side': 'bid', 'ord_type': 'limit', 'price': '561', 'state': 'wait', 'market': 'KRW-POL', 'created_at': '2024-11-10T21:42:51+09:00', 'volume': '1701.7391', 'remaining_volume': '1701.7391', 'reserved_fee': '2386.68908775', 'remaining_fee': '2386.68908775', 'paid_fee': '0', 'locked': '957063.32418775', 'executed_volume': '0', 'trades_count': 0}
[21:42:51.922][21][bit](BID) 주문상태:wait, {'type': 'myOrder', 'code': 'KRW-POL', 'uuid': 'C0480000000139060276', 'ask_bid': 'BID', 'order_type': 'limit', 'state': 'wait', 'trade_uuid': None, 'price': 561, 'volume': 1701.7391, 'remaining_volume': 1701.7391, 'executed_volume': 0, 'trades_count': 0, 'reserved_fee': 2386.68908775, 'remaining_fee': 2386.68908775, 'paid_fee': 0, 'executed_funds': 0, 'trade_timestamp': None, 'order_timestamp': 1731242571806, 'timestamp': 1731242571906, 'stream_type': 'REALTIME'}
[21:42:51.923][21]bit22222222222222222 매수대기 (C0480000000139060276),{'type': 'myOrder', 'code': 'KRW-POL', 'uuid': 'C0480000000139060276', 'ask_bid': 'BID', 'order_type': 'limit', 'state': 'wait', 'trade_uuid': None, 'price': 561, 'volume': 1701.7391, 'remaining_volume': 1701.7391, 'executed_volume': 0, 'trades_count': 0, 'reserved_fee': 2386.68908775, 'remaining_fee': 2386.68908775, 'paid_fee': 0, 'executed_funds': 0, 'trade_timestamp': None, 'order_timestamp': 1731242571806, 'timestamp': 1731242571906, 'stream_type': 'REALTIME'}
[21:42:55.486][22]빗썸1111111111111매수신청 완료(C0480000000139060284), mode:1, result:{'uuid': 'C0480000000139060284', 'side': 'bid', 'ord_type': 'limit', 'price': '561', 'state': 'wait', 'market': 'KRW-POL', 'created_at': '2024-11-10T21:42:55+09:00', 'volume': '4000', 'remaining_volume': '4000', 'reserved_fee': '5610', 'remaining_fee': '5610', 'paid_fee': '0', 'locked': '2249611', 'executed_volume': '0', 'trades_count': 0}
[21:42:55.560][22][bit](BID) 주문상태:wait, {'type': 'myOrder', 'code': 'KRW-POL', 'uuid': 'C0480000000139060284', 'ask_bid': 'BID', 'order_type': 'limit', 'state': 'wait', 'trade_uuid': None, 'price': 561, 'volume': 4000, 'remaining_volume': 4000, 'executed_volume': 0, 'trades_count': 0, 'reserved_fee': 5610, 'remaining_fee': 5610, 'paid_fee': 0, 'executed_funds': 0, 'trade_timestamp': None, 'order_timestamp': 1731242575408, 'timestamp': 1731242575552, 'stream_type': 'REALTIME'}
[21:42:55.562][22]bit22222222222222222 매수대기 (C0480000000139060284),{'type': 'myOrder', 'code': 'KRW-POL', 'uuid': 'C0480000000139060284', 'ask_bid': 'BID', 'order_type': 'limit', 'state': 'wait', 'trade_uuid': None, 'price': 561, 'volume': 4000, 'remaining_volume': 4000, 'executed_volume': 0, 'trades_count': 0, 'reserved_fee': 5610, 'remaining_fee': 5610, 'paid_fee': 0, 'executed_funds': 0, 'trade_timestamp': None, 'order_timestamp': 1731242575408, 'timestamp': 1731242575552, 'stream_type': 'REALTIME'}
[21:42:56.577][bit]프로그램으로 신청한게 아닌거 같음. 확인 필요.C0480000000139060285, wait, {'type': 'myOrder', 'code': 'KRW-POL', 'uuid': 'C0480000000139060285', 'ask_bid': 'BID', 'order_type': 'limit', 'state': 'wait', 'trade_uuid': None, 'price': 561, 'volume': 4000, 'remaining_volume': 4000, 'executed_volume': 0, 'trades_count': 0, 'reserved_fee': 5610, 'remaining_fee': 5610, 'paid_fee': 0, 'executed_funds': 0, 'trade_timestamp': None, 'order_timestamp': 1731242576455, 'timestamp': 1731242576559, 'stream_type': 'REALTIME'}
[21:42:56.599][23]빗썸1111111111111매수신청 완료(C0480000000139060285), mode:1, result:{'uuid': 'C0480000000139060285', 'side': 'bid', 'ord_type': 'limit', 'price': '561', 'state': 'wait', 'market': 'KRW-POL', 'created_at': '2024-11-10T21:42:56+09:00', 'volume': '4000', 'remaining_volume': '4000', 'reserved_fee': '5610', 'remaining_fee': '5610', 'paid_fee': '0', 'locked': '2249611', 'executed_volume': '0', 'trades_count': 0}
[21:43:12.677][23]빗썸탈출신청(C0480000000139060285) mode:1, 최종적으로 수량 부족으로 탈출. 업빗매수2차익:0.0, BitToUp:0.336, UpToBit:0.281, 남은매수/신청매수:4000.0/4000.0, buy_amount:-3755.16013472, get_total_units:5701.7391, up_buy1_amount:1946.57896528, up_buy2_amount:31287.41579046
[21:43:12.677][22]빗썸탈출신청(C0480000000139060284) mode:1, 최종적으로 수량 부족으로 탈출. 업빗매수2차익:0.0, BitToUp:0.336, UpToBit:0.281, 남은매수/신청매수:4000.0/4000.0, buy_amount:244.8398652799999, get_total_units:1701.7391, up_buy1_amount:1946.57896528, up_buy2_amount:31287.41579046
[21:43:12.940][23]빗썸탈출신청결과(C0480000000139060285) status_code:200 , {'uuid': 'C0480000000139060285', 'side': 'bid', 'ord_type': 'limit', 'price': '561', 'state': 'wait', 'market': 'KRW-POL', 'created_at': '2024-11-10T21:42:56+09:00', 'volume': '4000', 'remaining_volume': '4000', 'reserved_fee': '5610', 'remaining_fee': '5610', 'paid_fee': '0', 'locked': '2249611', 'executed_volume': '0', 'trades_count': 0}
[21:43:12.985][22]빗썸탈출신청결과(C0480000000139060284) status_code:200 , {'uuid': 'C0480000000139060284', 'side': 'bid', 'ord_type': 'limit', 'price': '561', 'state': 'wait', 'market': 'KRW-POL', 'created_at': '2024-11-10T21:42:55+09:00', 'volume': '4000', 'remaining_volume': '4000', 'reserved_fee': '5610', 'remaining_fee': '5610', 'paid_fee': '0', 'locked': '2249611', 'executed_volume': '0', 'trades_count': 0}
[21:43:12.993][23][bit](BID) 주문상태:cancel, {'type': 'myOrder', 'code': 'KRW-POL', 'uuid': 'C0480000000139060285', 'ask_bid': 'BID', 'order_type': 'limit', 'state': 'cancel', 'trade_uuid': None, 'price': 561, 'volume': 4000, 'remaining_volume': 4000, 'executed_volume': 0, 'trades_count': 0, 'reserved_fee': 5610, 'remaining_fee': 5610, 'paid_fee': 0, 'executed_funds': 0, 'trade_timestamp': None, 'order_timestamp': 1731242576455, 'timestamp': 1731242592975, 'stream_type': 'REALTIME'}
[21:43:12.993][23]bit33333333333333333 매수취소(C0480000000139060285), {'type': 'myOrder', 'code': 'KRW-POL', 'uuid': 'C0480000000139060285', 'ask_bid': 'BID', 'order_type': 'limit', 'state': 'cancel', 'trade_uuid': None, 'price': 561, 'volume': 4000, 'remaining_volume': 4000, 'executed_volume': 0, 'trades_count': 0, 'reserved_fee': 5610, 'remaining_fee': 5610, 'paid_fee': 0, 'executed_funds': 0, 'trade_timestamp': None, 'order_timestamp': 1731242576455, 'timestamp': 1731242592975, 'stream_type': 'REALTIME'}
[21:43:12.993][23]bit 4444444444444 쓰레드 정리 isclear isClear(C0480000000139060285), 남은양:4000.0, {'type': 'myOrder', 'code': 'KRW-POL', 'uuid': 'C0480000000139060285', 'ask_bid': 'BID', 'order_type': 'limit', 'state': 'cancel', 'trade_uuid': None, 'price': 561, 'volume': 4000, 'remaining_volume': 4000, 'executed_volume': 0, 'trades_count': 0, 'reserved_fee': 5610, 'remaining_fee': 5610, 'paid_fee': 0, 'executed_funds': 0, 'trade_timestamp': None, 'order_timestamp': 1731242576455, 'timestamp': 1731242592975, 'stream_type': 'REALTIME'}
[21:43:12.994][MyApi]stop_threads 시작 C0480000000139060285
[21:43:12.994][22]빗썸탈출신청(C0480000000139060284) mode:1, 최종적으로 수량 부족으로 탈출. 업빗매수2차익:0.0, BitToUp:0.336, UpToBit:0.281, 남은매수/신청매수:4000.0/4000.0, buy_amount:244.8398652799999, get_total_units:1701.7391, up_buy1_amount:1946.57896528, up_buy2_amount:31287.41579046
[21:43:12.998]빗썸 [23][MyApi]쓰레드 종료
[21:43:12.999][23] 666666666666666 [MyApi]stop_threads 종료 C0480000000139060285
[21:43:13.013][22][bit](BID) 주문상태:cancel, {'type': 'myOrder', 'code': 'KRW-POL', 'uuid': 'C0480000000139060284', 'ask_bid': 'BID', 'order_type': 'limit', 'state': 'cancel', 'trade_uuid': None, 'price': 561, 'volume': 4000, 'remaining_volume': 4000, 'executed_volume': 0, 'trades_count': 0, 'reserved_fee': 5610, 'remaining_fee': 5610, 'paid_fee': 0, 'executed_funds': 0, 'trade_timestamp': None, 'order_timestamp': 1731242575408, 'timestamp': 1731242593005, 'stream_type': 'REALTIME'}
[21:43:13.013][22]bit33333333333333333 매수취소(C0480000000139060284), {'type': 'myOrder', 'code': 'KRW-POL', 'uuid': 'C0480000000139060284', 'ask_bid': 'BID', 'order_type': 'limit', 'state': 'cancel', 'trade_uuid': None, 'price': 561, 'volume': 4000, 'remaining_volume': 4000, 'executed_volume': 0, 'trades_count': 0, 'reserved_fee': 5610, 'remaining_fee': 5610, 'paid_fee': 0, 'executed_funds': 0, 'trade_timestamp': None, 'order_timestamp': 1731242575408, 'timestamp': 1731242593005, 'stream_type': 'REALTIME'}
[21:43:13.013][22]bit 4444444444444 쓰레드 정리 isclear isClear(C0480000000139060284), 남은양:4000.0, {'type': 'myOrder', 'code': 'KRW-POL', 'uuid': 'C0480000000139060284', 'ask_bid': 'BID', 'order_type': 'limit', 'state': 'cancel', 'trade_uuid': None, 'price': 561, 'volume': 4000, 'remaining_volume': 4000, 'executed_volume': 0, 'trades_count': 0, 'reserved_fee': 5610, 'remaining_fee': 5610, 'paid_fee': 0, 'executed_funds': 0, 'trade_timestamp': None, 'order_timestamp': 1731242575408, 'timestamp': 1731242593005, 'stream_type': 'REALTIME'}
[21:43:13.016][MyApi]stop_threads 시작 C0480000000139060284
[21:43:13.192][22]빗썸탈출신청결과(C0480000000139060284) status_code:404 , {'error': {'name': 'order_not_found', 'message': '주문을 찾지 못했습니다.'}}
[21:43:13.196]빗썸 [22][MyApi]쓰레드 종료
[21:43:13.196][22] 666666666666666 [MyApi]stop_threads 종료 C0480000000139060284
[21:43:14.908][24]빗썸1111111111111매수신청 완료(C0480000000139060294), mode:1, result:{'uuid': 'C0480000000139060294', 'side': 'bid', 'ord_type': 'limit', 'price': '561', 'state': 'wait', 'market': 'KRW-POL', 'created_at': '2024-11-10T21:43:14+09:00', 'volume': '244.83986', 'remaining_volume': '244.83986', 'reserved_fee': '343.38790365', 'remaining_fee': '343.38790365', 'paid_fee': '0', 'locked': '137699.54936365', 'executed_volume': '0', 'trades_count': 0}
[21:43:14.968][24][bit](BID) 주문상태:wait, {'type': 'myOrder', 'code': 'KRW-POL', 'uuid': 'C0480000000139060294', 'ask_bid': 'BID', 'order_type': 'limit', 'state': 'wait', 'trade_uuid': None, 'price': 561, 'volume': 244.83986, 'remaining_volume': 244.83986, 'executed_volume': 0, 'trades_count': 0, 'reserved_fee': 343.38790365, 'remaining_fee': 343.38790365, 'paid_fee': 0, 'executed_funds': 0, 'trade_timestamp': None, 'order_timestamp': 1731242594836, 'timestamp': 1731242594958, 'stream_type': 'REALTIME'}
[21:43:14.970][24]bit22222222222222222 매수대기 (C0480000000139060294),{'type': 'myOrder', 'code': 'KRW-POL', 'uuid': 'C0480000000139060294', 'ask_bid': 'BID', 'order_type': 'limit', 'state': 'wait', 'trade_uuid': None, 'price': 561, 'volume': 244.83986, 'remaining_volume': 244.83986, 'executed_volume': 0, 'trades_count': 0, 'reserved_fee': 343.38790365, 'remaining_fee': 343.38790365, 'paid_fee': 0, 'executed_funds': 0, 'trade_timestamp': None, 'order_timestamp': 1731242594836, 'timestamp': 1731242594958, 'stream_type': 'REALTIME'}
[21:43:18.638][25]빗썸1111111111111매수신청 완료(C0480000000139060299), mode:1, result:{'uuid': 'C0480000000139060299', 'side': 'bid', 'ord_type': 'limit', 'price': '561', 'state': 'wait', 'market': 'KRW-POL', 'created_at': '2024-11-10T21:43:18+09:00', 'volume': '35.58719', 'remaining_volume': '35.58719', 'reserved_fee': '49.911033975', 'remaining_fee': '49.911033975', 'paid_fee': '0', 'locked': '20015.324623975', 'executed_volume': '0', 'trades_count': 0}
[21:43:18.657][25][bit](BID) 주문상태:wait, {'type': 'myOrder', 'code': 'KRW-POL', 'uuid': 'C0480000000139060299', 'ask_bid': 'BID', 'order_type': 'limit', 'state': 'wait', 'trade_uuid': None, 'price': 561, 'volume': 35.58719, 'remaining_volume': 35.58719, 'executed_volume': 0, 'trades_count': 0, 'reserved_fee': 49.911033975, 'remaining_fee': 49.911033975, 'paid_fee': 0, 'executed_funds': 0, 'trade_timestamp': None, 'order_timestamp': 1731242598554, 'timestamp': 1731242598648, 'stream_type': 'REALTIME'}
[21:43:18.659][25]bit22222222222222222 매수대기 (C0480000000139060299),{'type': 'myOrder', 'code': 'KRW-POL', 'uuid': 'C0480000000139060299', 'ask_bid': 'BID', 'order_type': 'limit', 'state': 'wait', 'trade_uuid': None, 'price': 561, 'volume': 35.58719, 'remaining_volume': 35.58719, 'executed_volume': 0, 'trades_count': 0, 'reserved_fee': 49.911033975, 'remaining_fee': 49.911033975, 'paid_fee': 0, 'executed_funds': 0, 'trade_timestamp': None, 'order_timestamp': 1731242598554, 'timestamp': 1731242598648, 'stream_type': 'REALTIME'}
[21:43:20.387][24]빗썸탈출신청(C0480000000139060294) mode:1, 최종적으로 수량 부족으로 탈출. 업빗매수2차익:0.0, BitToUp:0.336, UpToBit:0.281, 남은매수/신청매수:244.83986/244.83986, buy_amount:-128.8581243399999, get_total_units:1701.7391, up_buy1_amount:1572.88097566, up_buy2_amount:36137.1324082
[21:43:20.387][21]빗썸탈출신청(C0480000000139060276) mode:1, 최종적으로 수량 부족으로 탈출. 업빗매수2차익:0.0, BitToUp:0.336, UpToBit:0.281, 남은매수/신청매수:1701.7391/1701.7391, buy_amount:1572.88097566, get_total_units:0, up_buy1_amount:1572.88097566, up_buy2_amount:36137.1324082
[21:43:20.387][25]빗썸탈출신청(C0480000000139060299) mode:1, 최종적으로 수량 부족으로 탈출. 업빗매수2차익:0.0, BitToUp:0.336, UpToBit:0.281, 남은매수/신청매수:35.58719/35.58719, buy_amount:-373.69798433999995, get_total_units:1946.57896, up_buy1_amount:1572.88097566, up_buy2_amount:36137.1324082
[21:43:20.717][21]빗썸탈출신청결과(C0480000000139060276) status_code:200 , {'uuid': 'C0480000000139060276', 'side': 'bid', 'ord_type': 'limit', 'price': '561', 'state': 'wait', 'market': 'KRW-POL', 'created_at': '2024-11-10T21:42:51+09:00', 'volume': '1701.7391', 'remaining_volume': '1701.7391', 'reserved_fee': '2386.68908775', 'remaining_fee': '2386.68908775', 'paid_fee': '0', 'locked': '957063.32418775', 'executed_volume': '0', 'trades_count': 0}
[21:43:20.765][21][bit](BID) 주문상태:cancel, {'type': 'myOrder', 'code': 'KRW-POL', 'uuid': 'C0480000000139060276', 'ask_bid': 'BID', 'order_type': 'limit', 'state': 'cancel', 'trade_uuid': None, 'price': 561, 'volume': 1701.7391, 'remaining_volume': 1701.7391, 'executed_volume': 0, 'trades_count': 0, 'reserved_fee': 2386.68908775, 'remaining_fee': 2386.68908775, 'paid_fee': 0, 'executed_funds': 0, 'trade_timestamp': None, 'order_timestamp': 1731242571806, 'timestamp': 1731242600750, 'stream_type': 'REALTIME'}
[21:43:20.766][21]bit33333333333333333 매수취소(C0480000000139060276), {'type': 'myOrder', 'code': 'KRW-POL', 'uuid': 'C0480000000139060276', 'ask_bid': 'BID', 'order_type': 'limit', 'state': 'cancel', 'trade_uuid': None, 'price': 561, 'volume': 1701.7391, 'remaining_volume': 1701.7391, 'executed_volume': 0, 'trades_count': 0, 'reserved_fee': 2386.68908775, 'remaining_fee': 2386.68908775, 'paid_fee': 0, 'executed_funds': 0, 'trade_timestamp': None, 'order_timestamp': 1731242571806, 'timestamp': 1731242600750, 'stream_type': 'REALTIME'}
[21:43:20.766][21]bit 4444444444444 쓰레드 정리 isclear isClear(C0480000000139060276), 남은양:1701.7391, {'type': 'myOrder', 'code': 'KRW-POL', 'uuid': 'C0480000000139060276', 'ask_bid': 'BID', 'order_type': 'limit', 'state': 'cancel', 'trade_uuid': None, 'price': 561, 'volume': 1701.7391, 'remaining_volume': 1701.7391, 'executed_volume': 0, 'trades_count': 0, 'reserved_fee': 2386.68908775, 'remaining_fee': 2386.68908775, 'paid_fee': 0, 'executed_funds': 0, 'trade_timestamp': None, 'order_timestamp': 1731242571806, 'timestamp': 1731242600750, 'stream_type': 'REALTIME'}
[21:43:20.769][MyApi]stop_threads 시작 C0480000000139060276
[21:43:20.770][25][bit](BID) 주문상태:cancel, {'type': 'myOrder', 'code': 'KRW-POL', 'uuid': 'C0480000000139060299', 'ask_bid': 'BID', 'order_type': 'limit', 'state': 'cancel', 'trade_uuid': None, 'price': 561, 'volume': 35.58719, 'remaining_volume': 35.58719, 'executed_volume': 0, 'trades_count': 0, 'reserved_fee': 49.911033975, 'remaining_fee': 49.911033975, 'paid_fee': 0, 'executed_funds': 0, 'trade_timestamp': None, 'order_timestamp': 1731242598554, 'timestamp': 1731242600751, 'stream_type': 'REALTIME'}
[21:43:20.770][25]bit33333333333333333 매수취소(C0480000000139060299), {'type': 'myOrder', 'code': 'KRW-POL', 'uuid': 'C0480000000139060299', 'ask_bid': 'BID', 'order_type': 'limit', 'state': 'cancel', 'trade_uuid': None, 'price': 561, 'volume': 35.58719, 'remaining_volume': 35.58719, 'executed_volume': 0, 'trades_count': 0, 'reserved_fee': 49.911033975, 'remaining_fee': 49.911033975, 'paid_fee': 0, 'executed_funds': 0, 'trade_timestamp': None, 'order_timestamp': 1731242598554, 'timestamp': 1731242600751, 'stream_type': 'REALTIME'}
[21:43:20.770][25]bit 4444444444444 쓰레드 정리 isclear isClear(C0480000000139060299), 남은양:35.58719, {'type': 'myOrder', 'code': 'KRW-POL', 'uuid': 'C0480000000139060299', 'ask_bid': 'BID', 'order_type': 'limit', 'state': 'cancel', 'trade_uuid': None, 'price': 561, 'volume': 35.58719, 'remaining_volume': 35.58719, 'executed_volume': 0, 'trades_count': 0, 'reserved_fee': 49.911033975, 'remaining_fee': 49.911033975, 'paid_fee': 0, 'executed_funds': 0, 'trade_timestamp': None, 'order_timestamp': 1731242598554, 'timestamp': 1731242600751, 'stream_type': 'REALTIME'}
[21:43:20.774]빗썸 [21][MyApi]쓰레드 종료
[21:43:20.774][21] 666666666666666 [MyApi]stop_threads 종료 C0480000000139060276
[21:43:20.775][MyApi]stop_threads 시작 C0480000000139060299
[21:43:20.781][25]빗썸탈출신청결과(C0480000000139060299) status_code:200 , {'uuid': 'C0480000000139060299', 'side': 'bid', 'ord_type': 'limit', 'price': '561', 'state': 'wait', 'market': 'KRW-POL', 'created_at': '2024-11-10T21:43:18+09:00', 'volume': '35.58719', 'remaining_volume': '35.58719', 'reserved_fee': '49.911033975', 'remaining_fee': '49.911033975', 'paid_fee': '0', 'locked': '20015.324623975', 'executed_volume': '0', 'trades_count': 0}
[21:43:20.789]빗썸 [25][MyApi]쓰레드 종료
[21:43:20.789][25] 666666666666666 [MyApi]stop_threads 종료 C0480000000139060299
[21:43:20.793][24]빗썸탈출신청결과(C0480000000139060294) status_code:200 , {'uuid': 'C0480000000139060294', 'side': 'bid', 'ord_type': 'limit', 'price': '561', 'state': 'wait', 'market': 'KRW-POL', 'created_at': '2024-11-10T21:43:14+09:00', 'volume': '244.83986', 'remaining_volume': '244.83986', 'reserved_fee': '343.38790365', 'remaining_fee': '343.38790365', 'paid_fee': '0', 'locked': '137699.54936365', 'executed_volume': '0', 'trades_count': 0}
[21:43:20.816][24][bit](BID) 주문상태:cancel, {'type': 'myOrder', 'code': 'KRW-POL', 'uuid': 'C0480000000139060294', 'ask_bid': 'BID', 'order_type': 'limit', 'state': 'cancel', 'trade_uuid': None, 'price': 561, 'volume': 244.83986, 'remaining_volume': 244.83986, 'executed_volume': 0, 'trades_count': 0, 'reserved_fee': 343.38790365, 'remaining_fee': 343.38790365, 'paid_fee': 0, 'executed_funds': 0, 'trade_timestamp': None, 'order_timestamp': 1731242594836, 'timestamp': 1731242600805, 'stream_type': 'REALTIME'}
[21:43:20.816][24]bit33333333333333333 매수취소(C0480000000139060294), {'type': 'myOrder', 'code': 'KRW-POL', 'uuid': 'C0480000000139060294', 'ask_bid': 'BID', 'order_type': 'limit', 'state': 'cancel', 'trade_uuid': None, 'price': 561, 'volume': 244.83986, 'remaining_volume': 244.83986, 'executed_volume': 0, 'trades_count': 0, 'reserved_fee': 343.38790365, 'remaining_fee': 343.38790365, 'paid_fee': 0, 'executed_funds': 0, 'trade_timestamp': None, 'order_timestamp': 1731242594836, 'timestamp': 1731242600805, 'stream_type': 'REALTIME'}
[21:43:20.816][24]bit 4444444444444 쓰레드 정리 isclear isClear(C0480000000139060294), 남은양:244.83986, {'type': 'myOrder', 'code': 'KRW-POL', 'uuid': 'C0480000000139060294', 'ask_bid': 'BID', 'order_type': 'limit', 'state': 'cancel', 'trade_uuid': None, 'price': 561, 'volume': 244.83986, 'remaining_volume': 244.83986, 'executed_volume': 0, 'trades_count': 0, 'reserved_fee': 343.38790365, 'remaining_fee': 343.38790365, 'paid_fee': 0, 'executed_funds': 0, 'trade_timestamp': None, 'order_timestamp': 1731242594836, 'timestamp': 1731242600805, 'stream_type': 'REALTIME'}
[21:43:20.817][MyApi]stop_threads 시작 C0480000000139060294
[21:43:20.820]빗썸 [24][MyApi]쓰레드 종료
[21:43:20.820][24] 666666666666666 [MyApi]stop_threads 종료 C0480000000139060294
[21:43:21.708][26]빗썸탈출신청(C0480000000139060306) mode:1, 차익 부족0.0(0.337)
[21:43:21.709][26]빗썸1111111111111매수신청 완료(C0480000000139060306), mode:1, result:{'uuid': 'C0480000000139060306', 'side': 'bid', 'ord_type': 'limit', 'price': '562', 'state': 'wait', 'market': 'KRW-POL', 'created_at': '2024-11-10T21:43:21+09:00', 'volume': '1572.88097', 'remaining_volume': '1572.88097', 'reserved_fee': '2209.89776285', 'remaining_fee': '2209.89776285', 'paid_fee': '0', 'locked': '886170.00290285', 'executed_volume': '0', 'trades_count': 0}
[21:43:21.765][26][bit](BID) 주문상태:wait, {'type': 'myOrder', 'code': 'KRW-POL', 'uuid': 'C0480000000139060306', 'ask_bid': 'BID', 'order_type': 'limit', 'state': 'wait', 'trade_uuid': None, 'price': 562, 'volume': 1572.88097, 'remaining_volume': 1572.88097, 'executed_volume': 0, 'trades_count': 0, 'reserved_fee': 2209.89776285, 'remaining_fee': 2209.89776285, 'paid_fee': 0, 'executed_funds': 0, 'trade_timestamp': None, 'order_timestamp': 1731242601623, 'timestamp': 1731242601753, 'stream_type': 'REALTIME'}
[21:43:21.766][26]bit22222222222222222 매수대기 (C0480000000139060306),{'type': 'myOrder', 'code': 'KRW-POL', 'uuid': 'C0480000000139060306', 'ask_bid': 'BID', 'order_type': 'limit', 'state': 'wait', 'trade_uuid': None, 'price': 562, 'volume': 1572.88097, 'remaining_volume': 1572.88097, 'executed_volume': 0, 'trades_count': 0, 'reserved_fee': 2209.89776285, 'remaining_fee': 2209.89776285, 'paid_fee': 0, 'executed_funds': 0, 'trade_timestamp': None, 'order_timestamp': 1731242601623, 'timestamp': 1731242601753, 'stream_type': 'REALTIME'}
[21:43:21.963][26]빗썸탈출신청결과(C0480000000139060306) status_code:200 , {'uuid': 'C0480000000139060306', 'side': 'bid', 'ord_type': 'limit', 'price': '562', 'state': 'wait', 'market': 'KRW-POL', 'created_at': '2024-11-10T21:43:21+09:00', 'volume': '1572.88097', 'remaining_volume': '1572.88097', 'reserved_fee': '2209.89776285', 'remaining_fee': '2209.89776285', 'paid_fee': '0', 'locked': '886170.00290285', 'executed_volume': '0', 'trades_count': 0}
[21:43:22.032][26][bit](BID) 주문상태:cancel, {'type': 'myOrder', 'code': 'KRW-POL', 'uuid': 'C0480000000139060306', 'ask_bid': 'BID', 'order_type': 'limit', 'state': 'cancel', 'trade_uuid': None, 'price': 562, 'volume': 1572.88097, 'remaining_volume': 1572.88097, 'executed_volume': 0, 'trades_count': 0, 'reserved_fee': 2209.89776285, 'remaining_fee': 2209.89776285, 'paid_fee': 0, 'executed_funds': 0, 'trade_timestamp': None, 'order_timestamp': 1731242601623, 'timestamp': 1731242602007, 'stream_type': 'REALTIME'}
[21:43:22.033][26]bit33333333333333333 매수취소(C0480000000139060306), {'type': 'myOrder', 'code': 'KRW-POL', 'uuid': 'C0480000000139060306', 'ask_bid': 'BID', 'order_type': 'limit', 'state': 'cancel', 'trade_uuid': None, 'price': 562, 'volume': 1572.88097, 'remaining_volume': 1572.88097, 'executed_volume': 0, 'trades_count': 0, 'reserved_fee': 2209.89776285, 'remaining_fee': 2209.89776285, 'paid_fee': 0, 'executed_funds': 0, 'trade_timestamp': None, 'order_timestamp': 1731242601623, 'timestamp': 1731242602007, 'stream_type': 'REALTIME'}
