SELECT * FROM public.member WHERE memid = 1
1
[2024-11-14 00:22:37.605]wsClass,init,XRP,bit
[2024-11-14 00:22:37.606]wsClass,init,XRP,up
[2024-11-14 00:22:37.634]wsClass,connected,XRP,up
[2024-11-14 00:22:37.714]wsClass,connected,XRP,bit
[2024-11-14 00:22:37.777]wsPrivateClass,connected,XRP,bit
[2024-11-14 00:22:37.856]wsPrivateClass,connected,XRP,up
[00:30:39.928][1]빗썸1111111111111매수신청 완료(C0106000000747164212), mode:1, result:{'uuid': 'C0106000000747164212', 'side': 'bid', 'ord_type': 'limit', 'price': '998', 'state': 'wait', 'market': 'KRW-XRP', 'created_at': '2024-11-14T00:30:39+09:00', 'volume': '5000', 'remaining_volume': '5000', 'reserved_fee': '12475', 'remaining_fee': '12475', 'paid_fee': '0', 'locked': '5002476', 'executed_volume': '0', 'trades_count': 0}
[00:30:40.002][1][bit](BID) 주문상태:wait, {'type': 'myOrder', 'code': 'KRW-XRP', 'uuid': 'C0106000000747164212', 'ask_bid': 'BID', 'order_type': 'limit', 'state': 'wait', 'trade_uuid': None, 'price': 998, 'volume': 5000, 'remaining_volume': 5000, 'executed_volume': 0, 'trades_count': 0, 'reserved_fee': 12475, 'remaining_fee': 12475, 'paid_fee': 0, 'executed_funds': 0, 'trade_timestamp': None, 'order_timestamp': 1731511839839, 'timestamp': 1731511839965, 'stream_type': 'REALTIME'}
[00:30:40.003][1]bit22222222222222222 매수대기 (C0106000000747164212),{'type': 'myOrder', 'code': 'KRW-XRP', 'uuid': 'C0106000000747164212', 'ask_bid': 'BID', 'order_type': 'limit', 'state': 'wait', 'trade_uuid': None, 'price': 998, 'volume': 5000, 'remaining_volume': 5000, 'executed_volume': 0, 'trades_count': 0, 'reserved_fee': 12475, 'remaining_fee': 12475, 'paid_fee': 0, 'executed_funds': 0, 'trade_timestamp': None, 'order_timestamp': 1731511839839, 'timestamp': 1731511839965, 'stream_type': 'REALTIME'}
[00:30:47.839][1]빗썸탈출신청(C0106000000747164212) mode:1, 차익 부족-0.4(0.699)
[00:30:48.087][1]빗썸탈출신청결과(C0106000000747164212) status_code:200 , {'uuid': 'C0106000000747164212', 'side': 'bid', 'ord_type': 'limit', 'price': '998', 'state': 'wait', 'market': 'KRW-XRP', 'created_at': '2024-11-14T00:30:39+09:00', 'volume': '5000', 'remaining_volume': '5000', 'reserved_fee': '12475', 'remaining_fee': '12475', 'paid_fee': '0', 'locked': '5002476', 'executed_volume': '0', 'trades_count': 0}
[00:30:48.139][1]빗썸탈출신청(C0106000000747164212) mode:1, 차익 부족0.1(0.699)
[00:30:48.153][1][bit](BID) 주문상태:cancel, {'type': 'myOrder', 'code': 'KRW-XRP', 'uuid': 'C0106000000747164212', 'ask_bid': 'BID', 'order_type': 'limit', 'state': 'cancel', 'trade_uuid': None, 'price': 998, 'volume': 5000, 'remaining_volume': 5000, 'executed_volume': 0, 'trades_count': 0, 'reserved_fee': 12475, 'remaining_fee': 12475, 'paid_fee': 0, 'executed_funds': 0, 'trade_timestamp': None, 'order_timestamp': 1731511839839, 'timestamp': 1731511848120, 'stream_type': 'REALTIME'}
[00:30:48.153][1]bit33333333333333333 매수취소(C0106000000747164212), {'type': 'myOrder', 'code': 'KRW-XRP', 'uuid': 'C0106000000747164212', 'ask_bid': 'BID', 'order_type': 'limit', 'state': 'cancel', 'trade_uuid': None, 'price': 998, 'volume': 5000, 'remaining_volume': 5000, 'executed_volume': 0, 'trades_count': 0, 'reserved_fee': 12475, 'remaining_fee': 12475, 'paid_fee': 0, 'executed_funds': 0, 'trade_timestamp': None, 'order_timestamp': 1731511839839, 'timestamp': 1731511848120, 'stream_type': 'REALTIME'}
[00:30:48.153][1]bit 4444444444444 쓰레드 정리 isclear isClear(C0106000000747164212), 남은양:5000.0, {'type': 'myOrder', 'code': 'KRW-XRP', 'uuid': 'C0106000000747164212', 'ask_bid': 'BID', 'order_type': 'limit', 'state': 'cancel', 'trade_uuid': None, 'price': 998, 'volume': 5000, 'remaining_volume': 5000, 'executed_volume': 0, 'trades_count': 0, 'reserved_fee': 12475, 'remaining_fee': 12475, 'paid_fee': 0, 'executed_funds': 0, 'trade_timestamp': None, 'order_timestamp': 1731511839839, 'timestamp': 1731511848120, 'stream_type': 'REALTIME'}
[00:30:48.154][MyApi]stop_threads 시작 C0106000000747164212
[00:30:48.309][1]빗썸탈출신청결과(C0106000000747164212) status_code:404 , {'error': {'name': 'order_not_found', 'message': '주문을 찾지 못했습니다.'}}
[00:30:48.313]빗썸 [1][MyApi]쓰레드 종료
[00:30:48.313][1] 666666666666666 [MyApi]stop_threads 종료 C0106000000747164212
[00:37:30.781][2]빗썸1111111111111매수신청 완료(C0106000000747172261), mode:1, result:{'uuid': 'C0106000000747172261', 'side': 'bid', 'ord_type': 'limit', 'price': '995', 'state': 'wait', 'market': 'KRW-XRP', 'created_at': '2024-11-14T00:37:30+09:00', 'volume': '5000', 'remaining_volume': '5000', 'reserved_fee': '12437.5', 'remaining_fee': '12437.5', 'paid_fee': '0', 'locked': '4987438.5', 'executed_volume': '0', 'trades_count': 0}
[00:37:30.908][2][bit](BID) 주문상태:wait, {'type': 'myOrder', 'code': 'KRW-XRP', 'uuid': 'C0106000000747172261', 'ask_bid': 'BID', 'order_type': 'limit', 'state': 'wait', 'trade_uuid': None, 'price': 995, 'volume': 5000, 'remaining_volume': 5000, 'executed_volume': 0, 'trades_count': 0, 'reserved_fee': 12437.5, 'remaining_fee': 12437.5, 'paid_fee': 0, 'executed_funds': 0, 'trade_timestamp': None, 'order_timestamp': 1731512250725, 'timestamp': 1731512250855, 'stream_type': 'REALTIME'}
[00:37:30.909][2]bit22222222222222222 매수대기 (C0106000000747172261),{'type': 'myOrder', 'code': 'KRW-XRP', 'uuid': 'C0106000000747172261', 'ask_bid': 'BID', 'order_type': 'limit', 'state': 'wait', 'trade_uuid': None, 'price': 995, 'volume': 5000, 'remaining_volume': 5000, 'executed_volume': 0, 'trades_count': 0, 'reserved_fee': 12437.5, 'remaining_fee': 12437.5, 'paid_fee': 0, 'executed_funds': 0, 'trade_timestamp': None, 'order_timestamp': 1731512250725, 'timestamp': 1731512250855, 'stream_type': 'REALTIME'}
[00:37:35.045][3]빗썸1111111111111매수신청 완료(C0106000000747172335), mode:1, result:{'uuid': 'C0106000000747172335', 'side': 'bid', 'ord_type': 'limit', 'price': '995', 'state': 'wait', 'market': 'KRW-XRP', 'created_at': '2024-11-14T00:37:34+09:00', 'volume': '852.63', 'remaining_volume': '852.63', 'reserved_fee': '2120.917125', 'remaining_fee': '2120.917125', 'paid_fee': '0', 'locked': '850488.767125', 'executed_volume': '0', 'trades_count': 0}
[00:37:35.098][3][bit](BID) 주문상태:wait, {'type': 'myOrder', 'code': 'KRW-XRP', 'uuid': 'C0106000000747172335', 'ask_bid': 'BID', 'order_type': 'limit', 'state': 'wait', 'trade_uuid': None, 'price': 995, 'volume': 852.63, 'remaining_volume': 852.63, 'executed_volume': 0, 'trades_count': 0, 'reserved_fee': 2120.917125, 'remaining_fee': 2120.917125, 'paid_fee': 0, 'executed_funds': 0, 'trade_timestamp': None, 'order_timestamp': 1731512254977, 'timestamp': 1731512255059, 'stream_type': 'REALTIME'}
[00:37:35.100][3]bit22222222222222222 매수대기 (C0106000000747172335),{'type': 'myOrder', 'code': 'KRW-XRP', 'uuid': 'C0106000000747172335', 'ask_bid': 'BID', 'order_type': 'limit', 'state': 'wait', 'trade_uuid': None, 'price': 995, 'volume': 852.63, 'remaining_volume': 852.63, 'executed_volume': 0, 'trades_count': 0, 'reserved_fee': 2120.917125, 'remaining_fee': 2120.917125, 'paid_fee': 0, 'executed_funds': 0, 'trade_timestamp': None, 'order_timestamp': 1731512254977, 'timestamp': 1731512255059, 'stream_type': 'REALTIME'}
[00:37:46.939][2]빗썸탈출신청(C0106000000747172261) mode:1, 차익 부족0.6(0.697)
[00:37:46.939][3]빗썸탈출신청(C0106000000747172335) mode:1, 차익 부족0.6(0.697)
[00:37:47.232][2]빗썸탈출신청결과(C0106000000747172261) status_code:200 , {'uuid': 'C0106000000747172261', 'side': 'bid', 'ord_type': 'limit', 'price': '995', 'state': 'wait', 'market': 'KRW-XRP', 'created_at': '2024-11-14T00:37:30+09:00', 'volume': '5000', 'remaining_volume': '5000', 'reserved_fee': '12437.5', 'remaining_fee': '12437.5', 'paid_fee': '0', 'locked': '4987438.5', 'executed_volume': '0', 'trades_count': 0}
[00:37:47.238][2]빗썸탈출신청(C0106000000747172261) mode:1, 최종적으로 수량 부족으로 탈출. 업빗매수2차익:0.5, BitToUp:0.696, UpToBit:0.696, 남은매수/신청매수:5000.0/5000.0, buy_amount:8e-07, get_total_units:0, up_buy1_amount:8e-07, up_buy2_amount:11890.60387371
[00:37:47.255][3]빗썸탈출신청결과(C0106000000747172335) status_code:200 , {'uuid': 'C0106000000747172335', 'side': 'bid', 'ord_type': 'limit', 'price': '995', 'state': 'wait', 'market': 'KRW-XRP', 'created_at': '2024-11-14T00:37:34+09:00', 'volume': '852.63', 'remaining_volume': '852.63', 'reserved_fee': '2120.917125', 'remaining_fee': '2120.917125', 'paid_fee': '0', 'locked': '850488.767125', 'executed_volume': '0', 'trades_count': 0}
[00:37:47.338][3]빗썸탈출신청(C0106000000747172335) mode:1, 최종적으로 수량 부족으로 탈출. 업빗매수2차익:0.4, BitToUp:0.696, UpToBit:0.696, 남은매수/신청매수:852.63/852.63, buy_amount:-3642.38999941, get_total_units:5000.0, up_buy1_amount:1357.61000059, up_buy2_amount:2964.00523869
[00:37:47.338][2][bit](BID) 주문상태:cancel, {'type': 'myOrder', 'code': 'KRW-XRP', 'uuid': 'C0106000000747172261', 'ask_bid': 'BID', 'order_type': 'limit', 'state': 'cancel', 'trade_uuid': None, 'price': 995, 'volume': 5000, 'remaining_volume': 5000, 'executed_volume': 0, 'trades_count': 0, 'reserved_fee': 12437.5, 'remaining_fee': 12437.5, 'paid_fee': 0, 'executed_funds': 0, 'trade_timestamp': None, 'order_timestamp': 1731512250725, 'timestamp': 1731512267305, 'stream_type': 'REALTIME'}
[00:37:47.338][2]bit33333333333333333 매수취소(C0106000000747172261), {'type': 'myOrder', 'code': 'KRW-XRP', 'uuid': 'C0106000000747172261', 'ask_bid': 'BID', 'order_type': 'limit', 'state': 'cancel', 'trade_uuid': None, 'price': 995, 'volume': 5000, 'remaining_volume': 5000, 'executed_volume': 0, 'trades_count': 0, 'reserved_fee': 12437.5, 'remaining_fee': 12437.5, 'paid_fee': 0, 'executed_funds': 0, 'trade_timestamp': None, 'order_timestamp': 1731512250725, 'timestamp': 1731512267305, 'stream_type': 'REALTIME'}
[00:37:47.338][2]bit 4444444444444 쓰레드 정리 isclear isClear(C0106000000747172261), 남은양:5000.0, {'type': 'myOrder', 'code': 'KRW-XRP', 'uuid': 'C0106000000747172261', 'ask_bid': 'BID', 'order_type': 'limit', 'state': 'cancel', 'trade_uuid': None, 'price': 995, 'volume': 5000, 'remaining_volume': 5000, 'executed_volume': 0, 'trades_count': 0, 'reserved_fee': 12437.5, 'remaining_fee': 12437.5, 'paid_fee': 0, 'executed_funds': 0, 'trade_timestamp': None, 'order_timestamp': 1731512250725, 'timestamp': 1731512267305, 'stream_type': 'REALTIME'}
[00:37:47.341][3][bit](BID) 주문상태:cancel, {'type': 'myOrder', 'code': 'KRW-XRP', 'uuid': 'C0106000000747172335', 'ask_bid': 'BID', 'order_type': 'limit', 'state': 'cancel', 'trade_uuid': None, 'price': 995, 'volume': 852.63, 'remaining_volume': 852.63, 'executed_volume': 0, 'trades_count': 0, 'reserved_fee': 2120.917125, 'remaining_fee': 2120.917125, 'paid_fee': 0, 'executed_funds': 0, 'trade_timestamp': None, 'order_timestamp': 1731512254977, 'timestamp': 1731512267305, 'stream_type': 'REALTIME'}
[00:37:47.341][3]bit33333333333333333 매수취소(C0106000000747172335), {'type': 'myOrder', 'code': 'KRW-XRP', 'uuid': 'C0106000000747172335', 'ask_bid': 'BID', 'order_type': 'limit', 'state': 'cancel', 'trade_uuid': None, 'price': 995, 'volume': 852.63, 'remaining_volume': 852.63, 'executed_volume': 0, 'trades_count': 0, 'reserved_fee': 2120.917125, 'remaining_fee': 2120.917125, 'paid_fee': 0, 'executed_funds': 0, 'trade_timestamp': None, 'order_timestamp': 1731512254977, 'timestamp': 1731512267305, 'stream_type': 'REALTIME'}
[00:37:47.341][3]bit 4444444444444 쓰레드 정리 isclear isClear(C0106000000747172335), 남은양:852.63, {'type': 'myOrder', 'code': 'KRW-XRP', 'uuid': 'C0106000000747172335', 'ask_bid': 'BID', 'order_type': 'limit', 'state': 'cancel', 'trade_uuid': None, 'price': 995, 'volume': 852.63, 'remaining_volume': 852.63, 'executed_volume': 0, 'trades_count': 0, 'reserved_fee': 2120.917125, 'remaining_fee': 2120.917125, 'paid_fee': 0, 'executed_funds': 0, 'trade_timestamp': None, 'order_timestamp': 1731512254977, 'timestamp': 1731512267305, 'stream_type': 'REALTIME'}
[00:37:47.350][MyApi]stop_threads 시작 C0106000000747172261
[00:37:47.351][MyApi]stop_threads 시작 C0106000000747172335
[00:37:47.400][2]빗썸탈출신청결과(C0106000000747172261) status_code:404 , {'error': {'name': 'order_not_found', 'message': '주문을 찾지 못했습니다.'}}
[00:37:47.402]빗썸 [2][MyApi]쓰레드 종료
[00:37:47.404][2] 666666666666666 [MyApi]stop_threads 종료 C0106000000747172261
[00:37:47.520][3]빗썸탈출신청결과(C0106000000747172335) status_code:404 , {'error': {'name': 'order_not_found', 'message': '주문을 찾지 못했습니다.'}}
[00:37:47.523]빗썸 [3][MyApi]쓰레드 종료
[00:37:47.523][3] 666666666666666 [MyApi]stop_threads 종료 C0106000000747172335
[00:39:36.044][4]빗썸1111111111111매수신청 완료(C0106000000747174500), mode:1, result:{'uuid': 'C0106000000747174500', 'side': 'bid', 'ord_type': 'limit', 'price': '992', 'state': 'wait', 'market': 'KRW-XRP', 'created_at': '2024-11-14T00:39:35+09:00', 'volume': '5000', 'remaining_volume': '5000', 'reserved_fee': '12400', 'remaining_fee': '12400', 'paid_fee': '0', 'locked': '4972401', 'executed_volume': '0', 'trades_count': 0}
[00:39:36.109][4][bit](BID) 주문상태:wait, {'type': 'myOrder', 'code': 'KRW-XRP', 'uuid': 'C0106000000747174500', 'ask_bid': 'BID', 'order_type': 'limit', 'state': 'wait', 'trade_uuid': None, 'price': 992, 'volume': 5000, 'remaining_volume': 5000, 'executed_volume': 0, 'trades_count': 0, 'reserved_fee': 12400, 'remaining_fee': 12400, 'paid_fee': 0, 'executed_funds': 0, 'trade_timestamp': None, 'order_timestamp': 1731512375962, 'timestamp': 1731512376075, 'stream_type': 'REALTIME'}
[00:39:36.111][4]bit22222222222222222 매수대기 (C0106000000747174500),{'type': 'myOrder', 'code': 'KRW-XRP', 'uuid': 'C0106000000747174500', 'ask_bid': 'BID', 'order_type': 'limit', 'state': 'wait', 'trade_uuid': None, 'price': 992, 'volume': 5000, 'remaining_volume': 5000, 'executed_volume': 0, 'trades_count': 0, 'reserved_fee': 12400, 'remaining_fee': 12400, 'paid_fee': 0, 'executed_funds': 0, 'trade_timestamp': None, 'order_timestamp': 1731512375962, 'timestamp': 1731512376075, 'stream_type': 'REALTIME'}
[00:39:36.992][5]빗썸1111111111111매수신청 완료(C0106000000747174515), mode:1, result:{'uuid': 'C0106000000747174515', 'side': 'bid', 'ord_type': 'limit', 'price': '992', 'state': 'wait', 'market': 'KRW-XRP', 'created_at': '2024-11-14T00:39:36+09:00', 'volume': '852.63', 'remaining_volume': '852.63', 'reserved_fee': '2114.5224', 'remaining_fee': '2114.5224', 'paid_fee': '0', 'locked': '847924.4824', 'executed_volume': '0', 'trades_count': 0}
[00:39:37.091][5][bit](BID) 주문상태:wait, {'type': 'myOrder', 'code': 'KRW-XRP', 'uuid': 'C0106000000747174515', 'ask_bid': 'BID', 'order_type': 'limit', 'state': 'wait', 'trade_uuid': None, 'price': 992, 'volume': 852.63, 'remaining_volume': 852.63, 'executed_volume': 0, 'trades_count': 0, 'reserved_fee': 2114.5224, 'remaining_fee': 2114.5224, 'paid_fee': 0, 'executed_funds': 0, 'trade_timestamp': None, 'order_timestamp': 1731512376916, 'timestamp': 1731512377057, 'stream_type': 'REALTIME'}
[00:39:37.092][5]bit22222222222222222 매수대기 (C0106000000747174515),{'type': 'myOrder', 'code': 'KRW-XRP', 'uuid': 'C0106000000747174515', 'ask_bid': 'BID', 'order_type': 'limit', 'state': 'wait', 'trade_uuid': None, 'price': 992, 'volume': 852.63, 'remaining_volume': 852.63, 'executed_volume': 0, 'trades_count': 0, 'reserved_fee': 2114.5224, 'remaining_fee': 2114.5224, 'paid_fee': 0, 'executed_funds': 0, 'trade_timestamp': None, 'order_timestamp': 1731512376916, 'timestamp': 1731512377057, 'stream_type': 'REALTIME'}
[00:39:47.839][4]빗썸탈출신청(C0106000000747174500) mode:1, 최종적으로 수량 부족으로 탈출. 업빗매수2차익:0.6, BitToUp:0.695, UpToBit:0.694, 남은매수/신청매수:5000.0/5000.0, buy_amount:2355.07864393, get_total_units:0, up_buy1_amount:2355.07864393, up_buy2_amount:3158.40002141
[00:39:47.839][5]빗썸탈출신청(C0106000000747174515) mode:1, 최종적으로 수량 부족으로 탈출. 업빗매수2차익:0.6, BitToUp:0.695, UpToBit:0.694, 남은매수/신청매수:852.63/852.63, buy_amount:-2644.92135607, get_total_units:5000.0, up_buy1_amount:2355.07864393, up_buy2_amount:3158.40002141
[00:39:48.137][5]빗썸탈출신청결과(C0106000000747174515) status_code:200 , {'uuid': 'C0106000000747174515', 'side': 'bid', 'ord_type': 'limit', 'price': '992', 'state': 'wait', 'market': 'KRW-XRP', 'created_at': '2024-11-14T00:39:36+09:00', 'volume': '852.63', 'remaining_volume': '852.63', 'reserved_fee': '2114.5224', 'remaining_fee': '2114.5224', 'paid_fee': '0', 'locked': '847924.4824', 'executed_volume': '0', 'trades_count': 0}
[00:39:48.143][4]빗썸탈출신청결과(C0106000000747174500) status_code:200 , {'uuid': 'C0106000000747174500', 'side': 'bid', 'ord_type': 'limit', 'price': '992', 'state': 'wait', 'market': 'KRW-XRP', 'created_at': '2024-11-14T00:39:35+09:00', 'volume': '5000', 'remaining_volume': '5000', 'reserved_fee': '12400', 'remaining_fee': '12400', 'paid_fee': '0', 'locked': '4972401', 'executed_volume': '0', 'trades_count': 0}
[00:39:48.154][5]빗썸탈출신청(C0106000000747174515) mode:1, 최종적으로 수량 부족으로 탈출. 업빗매수2차익:0.6, BitToUp:0.694, UpToBit:0.694, 남은매수/신청매수:852.63/852.63, buy_amount:-2644.92135607, get_total_units:5000.0, up_buy1_amount:2355.07864393, up_buy2_amount:3158.40002141
[00:39:48.154][4]빗썸탈출신청(C0106000000747174500) mode:1, 최종적으로 수량 부족으로 탈출. 업빗매수2차익:0.6, BitToUp:0.694, UpToBit:0.694, 남은매수/신청매수:5000.0/5000.0, buy_amount:2355.07864393, get_total_units:0, up_buy1_amount:2355.07864393, up_buy2_amount:3158.40002141
[00:39:48.255][5][bit](BID) 주문상태:cancel, {'type': 'myOrder', 'code': 'KRW-XRP', 'uuid': 'C0106000000747174515', 'ask_bid': 'BID', 'order_type': 'limit', 'state': 'cancel', 'trade_uuid': None, 'price': 992, 'volume': 852.63, 'remaining_volume': 852.63, 'executed_volume': 0, 'trades_count': 0, 'reserved_fee': 2114.5224, 'remaining_fee': 2114.5224, 'paid_fee': 0, 'executed_funds': 0, 'trade_timestamp': None, 'order_timestamp': 1731512376916, 'timestamp': 1731512388212, 'stream_type': 'REALTIME'}
[00:39:48.255][5]bit33333333333333333 매수취소(C0106000000747174515), {'type': 'myOrder', 'code': 'KRW-XRP', 'uuid': 'C0106000000747174515', 'ask_bid': 'BID', 'order_type': 'limit', 'state': 'cancel', 'trade_uuid': None, 'price': 992, 'volume': 852.63, 'remaining_volume': 852.63, 'executed_volume': 0, 'trades_count': 0, 'reserved_fee': 2114.5224, 'remaining_fee': 2114.5224, 'paid_fee': 0, 'executed_funds': 0, 'trade_timestamp': None, 'order_timestamp': 1731512376916, 'timestamp': 1731512388212, 'stream_type': 'REALTIME'}
[00:39:48.255][5]bit 4444444444444 쓰레드 정리 isclear isClear(C0106000000747174515), 남은양:852.63, {'type': 'myOrder', 'code': 'KRW-XRP', 'uuid': 'C0106000000747174515', 'ask_bid': 'BID', 'order_type': 'limit', 'state': 'cancel', 'trade_uuid': None, 'price': 992, 'volume': 852.63, 'remaining_volume': 852.63, 'executed_volume': 0, 'trades_count': 0, 'reserved_fee': 2114.5224, 'remaining_fee': 2114.5224, 'paid_fee': 0, 'executed_funds': 0, 'trade_timestamp': None, 'order_timestamp': 1731512376916, 'timestamp': 1731512388212, 'stream_type': 'REALTIME'}
[00:39:48.256][4][bit](BID) 주문상태:cancel, {'type': 'myOrder', 'code': 'KRW-XRP', 'uuid': 'C0106000000747174500', 'ask_bid': 'BID', 'order_type': 'limit', 'state': 'cancel', 'trade_uuid': None, 'price': 992, 'volume': 5000, 'remaining_volume': 5000, 'executed_volume': 0, 'trades_count': 0, 'reserved_fee': 12400, 'remaining_fee': 12400, 'paid_fee': 0, 'executed_funds': 0, 'trade_timestamp': None, 'order_timestamp': 1731512375962, 'timestamp': 1731512388212, 'stream_type': 'REALTIME'}
[00:39:48.256][4]bit33333333333333333 매수취소(C0106000000747174500), {'type': 'myOrder', 'code': 'KRW-XRP', 'uuid': 'C0106000000747174500', 'ask_bid': 'BID', 'order_type': 'limit', 'state': 'cancel', 'trade_uuid': None, 'price': 992, 'volume': 5000, 'remaining_volume': 5000, 'executed_volume': 0, 'trades_count': 0, 'reserved_fee': 12400, 'remaining_fee': 12400, 'paid_fee': 0, 'executed_funds': 0, 'trade_timestamp': None, 'order_timestamp': 1731512375962, 'timestamp': 1731512388212, 'stream_type': 'REALTIME'}
[00:39:48.256][4]bit 4444444444444 쓰레드 정리 isclear isClear(C0106000000747174500), 남은양:5000.0, {'type': 'myOrder', 'code': 'KRW-XRP', 'uuid': 'C0106000000747174500', 'ask_bid': 'BID', 'order_type': 'limit', 'state': 'cancel', 'trade_uuid': None, 'price': 992, 'volume': 5000, 'remaining_volume': 5000, 'executed_volume': 0, 'trades_count': 0, 'reserved_fee': 12400, 'remaining_fee': 12400, 'paid_fee': 0, 'executed_funds': 0, 'trade_timestamp': None, 'order_timestamp': 1731512375962, 'timestamp': 1731512388212, 'stream_type': 'REALTIME'}
[00:39:48.259][MyApi]stop_threads 시작 C0106000000747174515
[00:39:48.261][MyApi]stop_threads 시작 C0106000000747174500
[00:39:48.358][5]빗썸탈출신청결과(C0106000000747174515) status_code:404 , {'error': {'name': 'order_not_found', 'message': '주문을 찾지 못했습니다.'}}
[00:39:48.362]빗썸 [5][MyApi]쓰레드 종료
[00:39:48.362][5] 666666666666666 [MyApi]stop_threads 종료 C0106000000747174515
[00:39:48.434][4]빗썸탈출신청결과(C0106000000747174500) status_code:404 , {'error': {'name': 'order_not_found', 'message': '주문을 찾지 못했습니다.'}}
[00:39:48.438]빗썸 [4][MyApi]쓰레드 종료
[00:39:48.439][4] 666666666666666 [MyApi]stop_threads 종료 C0106000000747174500
[00:39:49.197][6]빗썸탈출신청(C0106000000747174666) mode:1, 최종적으로 수량 부족으로 탈출. 업빗매수2차익:0.7, BitToUp:0.694, UpToBit:0.694, 남은매수/신청매수:4118.34354/4118.34354, buy_amount:2791.4535432000002, get_total_units:0, up_buy1_amount:436.37489927, up_buy2_amount:2355.07864393
[00:39:49.199][6]빗썸1111111111111매수신청 완료(C0106000000747174666), mode:1, result:{'uuid': 'C0106000000747174666', 'side': 'bid', 'ord_type': 'limit', 'price': '992', 'state': 'wait', 'market': 'KRW-XRP', 'created_at': '2024-11-14T00:39:49+09:00', 'volume': '4118.34354', 'remaining_volume': '4118.34354', 'reserved_fee': '10213.4919792', 'remaining_fee': '10213.4919792', 'paid_fee': '0', 'locked': '4095611.2836592', 'executed_volume': '0', 'trades_count': 0}
[00:39:49.346][6][bit](BID) 주문상태:wait, {'type': 'myOrder', 'code': 'KRW-XRP', 'uuid': 'C0106000000747174666', 'ask_bid': 'BID', 'order_type': 'limit', 'state': 'wait', 'trade_uuid': None, 'price': 992, 'volume': 4118.34354, 'remaining_volume': 4118.34354, 'executed_volume': 0, 'trades_count': 0, 'reserved_fee': 10213.4919792, 'remaining_fee': 10213.4919792, 'paid_fee': 0, 'executed_funds': 0, 'trade_timestamp': None, 'order_timestamp': 1731512389129, 'timestamp': 1731512389313, 'stream_type': 'REALTIME'}
[00:39:49.347][6]bit22222222222222222 매수대기 (C0106000000747174666),{'type': 'myOrder', 'code': 'KRW-XRP', 'uuid': 'C0106000000747174666', 'ask_bid': 'BID', 'order_type': 'limit', 'state': 'wait', 'trade_uuid': None, 'price': 992, 'volume': 4118.34354, 'remaining_volume': 4118.34354, 'executed_volume': 0, 'trades_count': 0, 'reserved_fee': 10213.4919792, 'remaining_fee': 10213.4919792, 'paid_fee': 0, 'executed_funds': 0, 'trade_timestamp': None, 'order_timestamp': 1731512389129, 'timestamp': 1731512389313, 'stream_type': 'REALTIME'}
[00:39:49.493][6]빗썸탈출신청결과(C0106000000747174666) status_code:200 , {'uuid': 'C0106000000747174666', 'side': 'bid', 'ord_type': 'limit', 'price': '992', 'state': 'wait', 'market': 'KRW-XRP', 'created_at': '2024-11-14T00:39:49+09:00', 'volume': '4118.34354', 'remaining_volume': '4118.34354', 'reserved_fee': '10213.4919792', 'remaining_fee': '10213.4919792', 'paid_fee': '0', 'locked': '4095611.2836592', 'executed_volume': '0', 'trades_count': 0}
[00:39:49.539][6]빗썸탈출신청(C0106000000747174666) mode:1, 최종적으로 수량 부족으로 탈출. 업빗매수2차익:0.6, BitToUp:0.694, UpToBit:0.694, 남은매수/신청매수:4118.34354/4118.34354, buy_amount:2236.09960491, get_total_units:0, up_buy1_amount:2236.09960491, up_buy2_amount:3158.40002141
[00:39:49.540][6][bit](BID) 주문상태:cancel, {'type': 'myOrder', 'code': 'KRW-XRP', 'uuid': 'C0106000000747174666', 'ask_bid': 'BID', 'order_type': 'limit', 'state': 'cancel', 'trade_uuid': None, 'price': 992, 'volume': 4118.34354, 'remaining_volume': 4118.34354, 'executed_volume': 0, 'trades_count': 0, 'reserved_fee': 10213.4919792, 'remaining_fee': 10213.4919792, 'paid_fee': 0, 'executed_funds': 0, 'trade_timestamp': None, 'order_timestamp': 1731512389129, 'timestamp': 1731512389502, 'stream_type': 'REALTIME'}
[00:39:49.540][6]bit33333333333333333 매수취소(C0106000000747174666), {'type': 'myOrder', 'code': 'KRW-XRP', 'uuid': 'C0106000000747174666', 'ask_bid': 'BID', 'order_type': 'limit', 'state': 'cancel', 'trade_uuid': None, 'price': 992, 'volume': 4118.34354, 'remaining_volume': 4118.34354, 'executed_volume': 0, 'trades_count': 0, 'reserved_fee': 10213.4919792, 'remaining_fee': 10213.4919792, 'paid_fee': 0, 'executed_funds': 0, 'trade_timestamp': None, 'order_timestamp': 1731512389129, 'timestamp': 1731512389502, 'stream_type': 'REALTIME'}
[00:39:49.540][6]bit 4444444444444 쓰레드 정리 isclear isClear(C0106000000747174666), 남은양:4118.34354, {'type': 'myOrder', 'code': 'KRW-XRP', 'uuid': 'C0106000000747174666', 'ask_bid': 'BID', 'order_type': 'limit', 'state': 'cancel', 'trade_uuid': None, 'price': 992, 'volume': 4118.34354, 'remaining_volume': 4118.34354, 'executed_volume': 0, 'trades_count': 0, 'reserved_fee': 10213.4919792, 'remaining_fee': 10213.4919792, 'paid_fee': 0, 'executed_funds': 0, 'trade_timestamp': None, 'order_timestamp': 1731512389129, 'timestamp': 1731512389502, 'stream_type': 'REALTIME'}
[00:39:49.544][MyApi]stop_threads 시작 C0106000000747174666
[00:39:49.721][6]빗썸탈출신청결과(C0106000000747174666) status_code:404 , {'error': {'name': 'order_not_found', 'message': '주문을 찾지 못했습니다.'}}
[00:39:49.730]빗썸 [6][MyApi]쓰레드 종료
[00:39:49.730][6] 666666666666666 [MyApi]stop_threads 종료 C0106000000747174666
[00:41:45.836][7]빗썸1111111111111매수신청 완료(C0106000000747176910), mode:1, result:{'uuid': 'C0106000000747176910', 'side': 'bid', 'ord_type': 'limit', 'price': '993', 'state': 'wait', 'market': 'KRW-XRP', 'created_at': '2024-11-14T00:41:45+09:00', 'volume': '5000', 'remaining_volume': '5000', 'reserved_fee': '12412.5', 'remaining_fee': '12412.5', 'paid_fee': '0', 'locked': '4977413.5', 'executed_volume': '0', 'trades_count': 0}
[00:41:45.895][7][bit](BID) 주문상태:wait, {'type': 'myOrder', 'code': 'KRW-XRP', 'uuid': 'C0106000000747176910', 'ask_bid': 'BID', 'order_type': 'limit', 'state': 'wait', 'trade_uuid': None, 'price': 993, 'volume': 5000, 'remaining_volume': 5000, 'executed_volume': 0, 'trades_count': 0, 'reserved_fee': 12412.5, 'remaining_fee': 12412.5, 'paid_fee': 0, 'executed_funds': 0, 'trade_timestamp': None, 'order_timestamp': 1731512505770, 'timestamp': 1731512505862, 'stream_type': 'REALTIME'}
[00:41:45.896][7]bit22222222222222222 매수대기 (C0106000000747176910),{'type': 'myOrder', 'code': 'KRW-XRP', 'uuid': 'C0106000000747176910', 'ask_bid': 'BID', 'order_type': 'limit', 'state': 'wait', 'trade_uuid': None, 'price': 993, 'volume': 5000, 'remaining_volume': 5000, 'executed_volume': 0, 'trades_count': 0, 'reserved_fee': 12412.5, 'remaining_fee': 12412.5, 'paid_fee': 0, 'executed_funds': 0, 'trade_timestamp': None, 'order_timestamp': 1731512505770, 'timestamp': 1731512505862, 'stream_type': 'REALTIME'}
[00:41:46.750][8]빗썸1111111111111매수신청 완료(C0106000000747176933), mode:1, result:{'uuid': 'C0106000000747176933', 'side': 'bid', 'ord_type': 'limit', 'price': '993', 'state': 'wait', 'market': 'KRW-XRP', 'created_at': '2024-11-14T00:41:46+09:00', 'volume': '852.63', 'remaining_volume': '852.63', 'reserved_fee': '2116.653975', 'remaining_fee': '2116.653975', 'paid_fee': '0', 'locked': '848779.243975', 'executed_volume': '0', 'trades_count': 0}
[00:41:46.854][8][bit](BID) 주문상태:wait, {'type': 'myOrder', 'code': 'KRW-XRP', 'uuid': 'C0106000000747176933', 'ask_bid': 'BID', 'order_type': 'limit', 'state': 'wait', 'trade_uuid': None, 'price': 993, 'volume': 852.63, 'remaining_volume': 852.63, 'executed_volume': 0, 'trades_count': 0, 'reserved_fee': 2116.653975, 'remaining_fee': 2116.653975, 'paid_fee': 0, 'executed_funds': 0, 'trade_timestamp': None, 'order_timestamp': 1731512506690, 'timestamp': 1731512506804, 'stream_type': 'REALTIME'}
[00:41:46.855][8]bit22222222222222222 매수대기 (C0106000000747176933),{'type': 'myOrder', 'code': 'KRW-XRP', 'uuid': 'C0106000000747176933', 'ask_bid': 'BID', 'order_type': 'limit', 'state': 'wait', 'trade_uuid': None, 'price': 993, 'volume': 852.63, 'remaining_volume': 852.63, 'executed_volume': 0, 'trades_count': 0, 'reserved_fee': 2116.653975, 'remaining_fee': 2116.653975, 'paid_fee': 0, 'executed_funds': 0, 'trade_timestamp': None, 'order_timestamp': 1731512506690, 'timestamp': 1731512506804, 'stream_type': 'REALTIME'}
[00:41:55.594][7][bit](BID) 주문상태:done, {'type': 'myOrder', 'code': 'KRW-XRP', 'uuid': 'C0106000000747176910', 'ask_bid': 'BID', 'order_type': 'limit', 'state': 'done', 'trade_uuid': 'C0106000000187517075', 'price': 993, 'volume': 5000, 'remaining_volume': 0, 'executed_volume': 5000, 'trades_count': 1, 'reserved_fee': 12412.5, 'remaining_fee': 12412.5, 'paid_fee': 0, 'executed_funds': 4965000, 'trade_timestamp': 1731512515429, 'order_timestamp': 1731512505770, 'timestamp': 1731512515555, 'stream_type': 'REALTIME'}
[00:41:55.595][7]bit3333333333333333 매수성공(C0106000000747176910), 체결량:5000.0, {'type': 'myOrder', 'code': 'KRW-XRP', 'uuid': 'C0106000000747176910', 'ask_bid': 'BID', 'order_type': 'limit', 'state': 'done', 'trade_uuid': 'C0106000000187517075', 'price': 993, 'volume': 5000, 'remaining_volume': 0, 'executed_volume': 5000, 'trades_count': 1, 'reserved_fee': 12412.5, 'remaining_fee': 12412.5, 'paid_fee': 0, 'executed_funds': 4965000, 'trade_timestamp': 1731512515429, 'order_timestamp': 1731512505770, 'timestamp': 1731512515555, 'stream_type': 'REALTIME'}
[00:41:55.596][7]SellToMarket(up) 시작 (C0106000000747176910),{'type': 'myOrder', 'code': 'KRW-XRP', 'uuid': 'C0106000000747176910', 'ask_bid': 'BID', 'order_type': 'limit', 'state': 'done', 'trade_uuid': 'C0106000000187517075', 'price': 993, 'volume': 5000, 'remaining_volume': 0, 'executed_volume': 5000, 'trades_count': 1, 'reserved_fee': 12412.5, 'remaining_fee': 12412.5, 'paid_fee': 0, 'executed_funds': 4965000, 'trade_timestamp': 1731512515429, 'order_timestamp': 1731512505770, 'timestamp': 1731512515555, 'stream_type': 'REALTIME'}
[00:41:55.597][7]up매도직전 
[00:41:55.640][7]빗썸탈출신청(C0106000000747176910) mode:1, 매수하고 남은 양이 너무 적음. 매수되버리면 짜투리 됨 0.0
[00:41:55.640]코인 오버 [10852.62999999/10800.0], 1회 거래량:5000.0, 빗썸:5000.0, 업빗:5852.63
[00:41:55.764][7]up매도직후2 result:{'uuid': '7c579729-b8e7-4bf9-bf68-29c30bcd42c6', 'side': 'ask', 'ord_type': 'market', 'state': 'wait', 'market': 'KRW-XRP', 'created_at': '2024-11-14T00:41:55+09:00', 'volume': '5000', 'remaining_volume': '5000', 'reserved_fee': '0', 'remaining_fee': '0', 'paid_fee': '0', 'locked': '5000', 'executed_volume': '0', 'trades_count': 0} 
[00:41:55.765][7]up 555555555555555 매도신청 완료 (7c579729-b8e7-4bf9-bf68-29c30bcd42c6),{'uuid': '7c579729-b8e7-4bf9-bf68-29c30bcd42c6', 'side': 'ask', 'ord_type': 'market', 'state': 'wait', 'market': 'KRW-XRP', 'created_at': '2024-11-14T00:41:55+09:00', 'volume': '5000', 'remaining_volume': '5000', 'reserved_fee': '0', 'remaining_fee': '0', 'paid_fee': '0', 'locked': '5000', 'executed_volume': '0', 'trades_count': 0}
[00:41:55.766][7]bit 4444444444444 쓰레드 정리 isclear isClear(C0106000000747176910), 남은양:0.0, {'type': 'myOrder', 'code': 'KRW-XRP', 'uuid': 'C0106000000747176910', 'ask_bid': 'BID', 'order_type': 'limit', 'state': 'done', 'trade_uuid': 'C0106000000187517075', 'price': 993, 'volume': 5000, 'remaining_volume': 0, 'executed_volume': 5000, 'trades_count': 1, 'reserved_fee': 12412.5, 'remaining_fee': 12412.5, 'paid_fee': 0, 'executed_funds': 4965000, 'trade_timestamp': 1731512515429, 'order_timestamp': 1731512505770, 'timestamp': 1731512515555, 'stream_type': 'REALTIME'}
[00:41:55.768][MyApi]stop_threads 시작 C0106000000747176910
[00:41:55.803][7][up](ASK) 주문상태:wait, {'type': 'myOrder', 'code': 'KRW-XRP', 'uuid': '7c579729-b8e7-4bf9-bf68-29c30bcd42c6', 'ask_bid': 'ASK', 'order_type': 'market', 'state': 'wait', 'trade_uuid': None, 'price': None, 'avg_price': 0, 'volume': 5000, 'remaining_volume': 5000, 'executed_volume': 0, 'trades_count': 0, 'reserved_fee': 0, 'remaining_fee': 0, 'paid_fee': 0, 'locked': 5000, 'executed_funds': 0, 'time_in_force': None, 'trade_timestamp': None, 'order_timestamp': 1731512515000, 'timestamp': 1731512515786, 'stream_type': 'REALTIME'}
[00:41:55.813][7][up](ASK) 주문상태:trade, {'type': 'myOrder', 'code': 'KRW-XRP', 'uuid': '7c579729-b8e7-4bf9-bf68-29c30bcd42c6', 'ask_bid': 'ASK', 'order_type': 'market', 'state': 'trade', 'trade_uuid': '6f598b8c-dd02-4c03-8e01-a9213a9b1781', 'price': 993.7, 'avg_price': 993.20315, 'volume': 3924.09962906, 'remaining_volume': 0, 'executed_volume': 5000, 'trades_count': 3, 'reserved_fee': 0, 'remaining_fee': 0, 'paid_fee': 2484.25, 'locked': 0, 'executed_funds': 4968500, 'time_in_force': None, 'trade_timestamp': 1731512515756, 'order_timestamp': 1731512515000, 'timestamp': 1731512515797, 'stream_type': 'REALTIME'}
[00:41:55.813][7]up 77777777777 매도 완료 매수:C0106000000747176910, 매도:(7c579729-b8e7-4bf9-bf68-29c30bcd42c6), {'type': 'myOrder', 'code': 'KRW-XRP', 'uuid': '7c579729-b8e7-4bf9-bf68-29c30bcd42c6', 'ask_bid': 'ASK', 'order_type': 'market', 'state': 'trade', 'trade_uuid': '6f598b8c-dd02-4c03-8e01-a9213a9b1781', 'price': 993.7, 'avg_price': 993.20315, 'volume': 3924.09962906, 'remaining_volume': 0, 'executed_volume': 5000, 'trades_count': 3, 'reserved_fee': 0, 'remaining_fee': 0, 'paid_fee': 2484.25, 'locked': 0, 'executed_funds': 4968500, 'time_in_force': None, 'trade_timestamp': 1731512515756, 'order_timestamp': 1731512515000, 'timestamp': 1731512515797, 'stream_type': 'REALTIME'}
[00:41:55.830][7][up](ASK) 주문상태:trade, {'type': 'myOrder', 'code': 'KRW-XRP', 'uuid': '7c579729-b8e7-4bf9-bf68-29c30bcd42c6', 'ask_bid': 'ASK', 'order_type': 'market', 'state': 'trade', 'trade_uuid': '3d2c47fb-76d3-4e98-b6e0-32f83be454c2', 'price': 993.7, 'avg_price': 993.20315, 'volume': 100.75576129, 'remaining_volume': 0, 'executed_volume': 5000, 'trades_count': 3, 'reserved_fee': 0, 'remaining_fee': 0, 'paid_fee': 2484.25, 'locked': 0, 'executed_funds': 4968500, 'time_in_force': None, 'trade_timestamp': 1731512515756, 'order_timestamp': 1731512515000, 'timestamp': 1731512515798, 'stream_type': 'REALTIME'}
[00:41:55.830][7]up 77777777777 매도 완료 매수:C0106000000747176910, 매도:(7c579729-b8e7-4bf9-bf68-29c30bcd42c6), {'type': 'myOrder', 'code': 'KRW-XRP', 'uuid': '7c579729-b8e7-4bf9-bf68-29c30bcd42c6', 'ask_bid': 'ASK', 'order_type': 'market', 'state': 'trade', 'trade_uuid': '3d2c47fb-76d3-4e98-b6e0-32f83be454c2', 'price': 993.7, 'avg_price': 993.20315, 'volume': 100.75576129, 'remaining_volume': 0, 'executed_volume': 5000, 'trades_count': 3, 'reserved_fee': 0, 'remaining_fee': 0, 'paid_fee': 2484.25, 'locked': 0, 'executed_funds': 4968500, 'time_in_force': None, 'trade_timestamp': 1731512515756, 'order_timestamp': 1731512515000, 'timestamp': 1731512515798, 'stream_type': 'REALTIME'}
[00:41:55.835][7][up](ASK) 주문상태:done, {'type': 'myOrder', 'code': 'KRW-XRP', 'uuid': '7c579729-b8e7-4bf9-bf68-29c30bcd42c6', 'ask_bid': 'ASK', 'order_type': 'market', 'state': 'done', 'trade_uuid': None, 'price': None, 'avg_price': 993.20315, 'volume': 5000, 'remaining_volume': 0, 'executed_volume': 5000, 'trades_count': 3, 'reserved_fee': 0, 'remaining_fee': 0, 'paid_fee': 2484.25, 'locked': 0, 'executed_funds': 4968500, 'time_in_force': None, 'trade_timestamp': None, 'order_timestamp': 1731512515000, 'timestamp': 1731512515798, 'stream_type': 'REALTIME'}
[00:41:55.836][7][up](ASK) 주문상태:trade, {'type': 'myOrder', 'code': 'KRW-XRP', 'uuid': '7c579729-b8e7-4bf9-bf68-29c30bcd42c6', 'ask_bid': 'ASK', 'order_type': 'market', 'state': 'trade', 'trade_uuid': 'a6257f67-0a22-44ff-8cee-3271a8eeeaa7', 'price': 993.7, 'avg_price': 993.20315, 'volume': 975.14460965, 'remaining_volume': 0, 'executed_volume': 5000, 'trades_count': 3, 'reserved_fee': 0, 'remaining_fee': 0, 'paid_fee': 2484.25, 'locked': 0, 'executed_funds': 4968500, 'time_in_force': None, 'trade_timestamp': 1731512515756, 'order_timestamp': 1731512515000, 'timestamp': 1731512515798, 'stream_type': 'REALTIME'}
[00:41:55.836][7]up 77777777777 매도 완료 매수:C0106000000747176910, 매도:(7c579729-b8e7-4bf9-bf68-29c30bcd42c6), {'type': 'myOrder', 'code': 'KRW-XRP', 'uuid': '7c579729-b8e7-4bf9-bf68-29c30bcd42c6', 'ask_bid': 'ASK', 'order_type': 'market', 'state': 'trade', 'trade_uuid': 'a6257f67-0a22-44ff-8cee-3271a8eeeaa7', 'price': 993.7, 'avg_price': 993.20315, 'volume': 975.14460965, 'remaining_volume': 0, 'executed_volume': 5000, 'trades_count': 3, 'reserved_fee': 0, 'remaining_fee': 0, 'paid_fee': 2484.25, 'locked': 0, 'executed_funds': 4968500, 'time_in_force': None, 'trade_timestamp': 1731512515756, 'order_timestamp': 1731512515000, 'timestamp': 1731512515798, 'stream_type': 'REALTIME'}
[00:41:55.859]myOrder error:7c579729-b8e7-4bf9-bf68-29c30bcd42c6, {'type': 'myOrder', 'code': 'KRW-XRP', 'uuid': '7c579729-b8e7-4bf9-bf68-29c30bcd42c6', 'ask_bid': 'ASK', 'order_type': 'market', 'state': 'trade', 'trade_uuid': 'a6257f67-0a22-44ff-8cee-3271a8eeeaa7', 'price': 993.7, 'avg_price': 993.20315, 'volume': 975.14460965, 'remaining_volume': 0, 'executed_volume': 5000, 'trades_count': 3, 'reserved_fee': 0, 'remaining_fee': 0, 'paid_fee': 2484.25, 'locked': 0, 'executed_funds': 4968500, 'time_in_force': None, 'trade_timestamp': 1731512515756, 'order_timestamp': 1731512515000, 'timestamp': 1731512515798, 'stream_type': 'REALTIME'}, e:Type(<class 'UnboundLocalError'>), Message(No message)
[00:41:55.902][7]빗썸탈출신청결과(C0106000000747176910) status_code:404 , {'error': {'name': 'order_not_found', 'message': '주문을 찾지 못했습니다.'}}
[00:41:55.906]빗썸 [7][MyApi]쓰레드 종료
[00:41:55.907][7] 666666666666666 [MyApi]stop_threads 종료 C0106000000747176910
[00:41:56.738][8]빗썸탈출신청(C0106000000747176933) mode:1, 차익 부족0.6(0.695)
[00:41:56.997][8]빗썸탈출신청결과(C0106000000747176933) status_code:200 , {'uuid': 'C0106000000747176933', 'side': 'bid', 'ord_type': 'limit', 'price': '993', 'state': 'wait', 'market': 'KRW-XRP', 'created_at': '2024-11-14T00:41:46+09:00', 'volume': '852.63', 'remaining_volume': '852.63', 'reserved_fee': '2116.653975', 'remaining_fee': '2116.653975', 'paid_fee': '0', 'locked': '848779.243975', 'executed_volume': '0', 'trades_count': 0}
[00:41:57.039][8]빗썸탈출신청(C0106000000747176933) mode:1, 차익 부족0.6(0.695)
[00:41:57.154][8][bit](BID) 주문상태:cancel, {'type': 'myOrder', 'code': 'KRW-XRP', 'uuid': 'C0106000000747176933', 'ask_bid': 'BID', 'order_type': 'limit', 'state': 'cancel', 'trade_uuid': None, 'price': 993, 'volume': 852.63, 'remaining_volume': 852.63, 'executed_volume': 0, 'trades_count': 0, 'reserved_fee': 2116.653975, 'remaining_fee': 2116.653975, 'paid_fee': 0, 'executed_funds': 0, 'trade_timestamp': None, 'order_timestamp': 1731512506690, 'timestamp': 1731512517052, 'stream_type': 'REALTIME'}
[00:41:57.154][8]bit33333333333333333 매수취소(C0106000000747176933), {'type': 'myOrder', 'code': 'KRW-XRP', 'uuid': 'C0106000000747176933', 'ask_bid': 'BID', 'order_type': 'limit', 'state': 'cancel', 'trade_uuid': None, 'price': 993, 'volume': 852.63, 'remaining_volume': 852.63, 'executed_volume': 0, 'trades_count': 0, 'reserved_fee': 2116.653975, 'remaining_fee': 2116.653975, 'paid_fee': 0, 'executed_funds': 0, 'trade_timestamp': None, 'order_timestamp': 1731512506690, 'timestamp': 1731512517052, 'stream_type': 'REALTIME'}
[00:41:57.154][8]bit 4444444444444 쓰레드 정리 isclear isClear(C0106000000747176933), 남은양:852.63, {'type': 'myOrder', 'code': 'KRW-XRP', 'uuid': 'C0106000000747176933', 'ask_bid': 'BID', 'order_type': 'limit', 'state': 'cancel', 'trade_uuid': None, 'price': 993, 'volume': 852.63, 'remaining_volume': 852.63, 'executed_volume': 0, 'trades_count': 0, 'reserved_fee': 2116.653975, 'remaining_fee': 2116.653975, 'paid_fee': 0, 'executed_funds': 0, 'trade_timestamp': None, 'order_timestamp': 1731512506690, 'timestamp': 1731512517052, 'stream_type': 'REALTIME'}
[00:41:57.156][MyApi]stop_threads 시작 C0106000000747176933
[00:41:57.222][8]빗썸탈출신청결과(C0106000000747176933) status_code:404 , {'error': {'name': 'order_not_found', 'message': '주문을 찾지 못했습니다.'}}
[00:41:57.226]빗썸 [8][MyApi]쓰레드 종료
[00:41:57.226][8] 666666666666666 [MyApi]stop_threads 종료 C0106000000747176933
[00:42:13.163][9]빗썸1111111111111매수신청 완료(C0106000000747177355), mode:1, result:{'uuid': 'C0106000000747177355', 'side': 'bid', 'ord_type': 'limit', 'price': '993', 'state': 'wait', 'market': 'KRW-XRP', 'created_at': '2024-11-14T00:42:13+09:00', 'volume': '852.63', 'remaining_volume': '852.63', 'reserved_fee': '2116.653975', 'remaining_fee': '2116.653975', 'paid_fee': '0', 'locked': '848779.243975', 'executed_volume': '0', 'trades_count': 0}
[00:42:13.292][9][bit](BID) 주문상태:wait, {'type': 'myOrder', 'code': 'KRW-XRP', 'uuid': 'C0106000000747177355', 'ask_bid': 'BID', 'order_type': 'limit', 'state': 'wait', 'trade_uuid': None, 'price': 993, 'volume': 852.63, 'remaining_volume': 852.63, 'executed_volume': 0, 'trades_count': 0, 'reserved_fee': 2116.653975, 'remaining_fee': 2116.653975, 'paid_fee': 0, 'executed_funds': 0, 'trade_timestamp': None, 'order_timestamp': 1731512533101, 'timestamp': 1731512533259, 'stream_type': 'REALTIME'}
[00:42:13.293][9]bit22222222222222222 매수대기 (C0106000000747177355),{'type': 'myOrder', 'code': 'KRW-XRP', 'uuid': 'C0106000000747177355', 'ask_bid': 'BID', 'order_type': 'limit', 'state': 'wait', 'trade_uuid': None, 'price': 993, 'volume': 852.63, 'remaining_volume': 852.63, 'executed_volume': 0, 'trades_count': 0, 'reserved_fee': 2116.653975, 'remaining_fee': 2116.653975, 'paid_fee': 0, 'executed_funds': 0, 'trade_timestamp': None, 'order_timestamp': 1731512533101, 'timestamp': 1731512533259, 'stream_type': 'REALTIME'}
[00:42:26.839][9]빗썸탈출신청(C0106000000747177355) mode:1, 차익 부족0.0(0.695)
[00:42:27.055][9]빗썸탈출신청결과(C0106000000747177355) status_code:200 , {'uuid': 'C0106000000747177355', 'side': 'bid', 'ord_type': 'limit', 'price': '993', 'state': 'wait', 'market': 'KRW-XRP', 'created_at': '2024-11-14T00:42:13+09:00', 'volume': '852.63', 'remaining_volume': '852.63', 'reserved_fee': '2116.653975', 'remaining_fee': '2116.653975', 'paid_fee': '0', 'locked': '848779.243975', 'executed_volume': '0', 'trades_count': 0}
[00:42:27.093][9]빗썸탈출신청(C0106000000747177355) mode:1, 차익 부족0.0(0.694)
[00:42:27.129][9][bit](BID) 주문상태:done, {'type': 'myOrder', 'code': 'KRW-XRP', 'uuid': 'C0106000000747177355', 'ask_bid': 'BID', 'order_type': 'limit', 'state': 'done', 'trade_uuid': 'C0106000000187517187', 'price': 993, 'volume': 852.63, 'remaining_volume': 0, 'executed_volume': 852.63, 'trades_count': 1, 'reserved_fee': 2116.653975, 'remaining_fee': 2116.653975, 'paid_fee': 0, 'executed_funds': 846661.59, 'trade_timestamp': 1731512546913, 'order_timestamp': 1731512533101, 'timestamp': 1731512547068, 'stream_type': 'REALTIME'}
[00:42:27.132][9]bit3333333333333333 매수성공(C0106000000747177355), 체결량:852.63, {'type': 'myOrder', 'code': 'KRW-XRP', 'uuid': 'C0106000000747177355', 'ask_bid': 'BID', 'order_type': 'limit', 'state': 'done', 'trade_uuid': 'C0106000000187517187', 'price': 993, 'volume': 852.63, 'remaining_volume': 0, 'executed_volume': 852.63, 'trades_count': 1, 'reserved_fee': 2116.653975, 'remaining_fee': 2116.653975, 'paid_fee': 0, 'executed_funds': 846661.59, 'trade_timestamp': 1731512546913, 'order_timestamp': 1731512533101, 'timestamp': 1731512547068, 'stream_type': 'REALTIME'}
[00:42:27.132][9]SellToMarket(up) 시작 (C0106000000747177355),{'type': 'myOrder', 'code': 'KRW-XRP', 'uuid': 'C0106000000747177355', 'ask_bid': 'BID', 'order_type': 'limit', 'state': 'done', 'trade_uuid': 'C0106000000187517187', 'price': 993, 'volume': 852.63, 'remaining_volume': 0, 'executed_volume': 852.63, 'trades_count': 1, 'reserved_fee': 2116.653975, 'remaining_fee': 2116.653975, 'paid_fee': 0, 'executed_funds': 846661.59, 'trade_timestamp': 1731512546913, 'order_timestamp': 1731512533101, 'timestamp': 1731512547068, 'stream_type': 'REALTIME'}
[00:42:27.134][9]up매도직전 
[00:42:27.283][9]up매도직후2 result:{'uuid': '6b7c4377-7613-4b23-95b5-015b53d4428a', 'side': 'ask', 'ord_type': 'market', 'state': 'wait', 'market': 'KRW-XRP', 'created_at': '2024-11-14T00:42:27+09:00', 'volume': '852.63', 'remaining_volume': '852.63', 'reserved_fee': '0', 'remaining_fee': '0', 'paid_fee': '0', 'locked': '852.63', 'executed_volume': '0', 'trades_count': 0} 
[00:42:27.284][9]up 555555555555555 매도신청 완료 (6b7c4377-7613-4b23-95b5-015b53d4428a),{'uuid': '6b7c4377-7613-4b23-95b5-015b53d4428a', 'side': 'ask', 'ord_type': 'market', 'state': 'wait', 'market': 'KRW-XRP', 'created_at': '2024-11-14T00:42:27+09:00', 'volume': '852.63', 'remaining_volume': '852.63', 'reserved_fee': '0', 'remaining_fee': '0', 'paid_fee': '0', 'locked': '852.63', 'executed_volume': '0', 'trades_count': 0}
[00:42:27.285][9]bit 4444444444444 쓰레드 정리 isclear isClear(C0106000000747177355), 남은양:0.0, {'type': 'myOrder', 'code': 'KRW-XRP', 'uuid': 'C0106000000747177355', 'ask_bid': 'BID', 'order_type': 'limit', 'state': 'done', 'trade_uuid': 'C0106000000187517187', 'price': 993, 'volume': 852.63, 'remaining_volume': 0, 'executed_volume': 852.63, 'trades_count': 1, 'reserved_fee': 2116.653975, 'remaining_fee': 2116.653975, 'paid_fee': 0, 'executed_funds': 846661.59, 'trade_timestamp': 1731512546913, 'order_timestamp': 1731512533101, 'timestamp': 1731512547068, 'stream_type': 'REALTIME'}
[00:42:27.286][MyApi]stop_threads 시작 C0106000000747177355
[00:42:27.322][9][up](ASK) 주문상태:wait, {'type': 'myOrder', 'code': 'KRW-XRP', 'uuid': '6b7c4377-7613-4b23-95b5-015b53d4428a', 'ask_bid': 'ASK', 'order_type': 'market', 'state': 'wait', 'trade_uuid': None, 'price': None, 'avg_price': 0, 'volume': 852.63, 'remaining_volume': 852.63, 'executed_volume': 0, 'trades_count': 0, 'reserved_fee': 0, 'remaining_fee': 0, 'paid_fee': 0, 'locked': 852.63, 'executed_funds': 0, 'time_in_force': None, 'trade_timestamp': None, 'order_timestamp': 1731512547000, 'timestamp': 1731512547305, 'stream_type': 'REALTIME'}
[00:42:27.327][9]빗썸탈출신청결과(C0106000000747177355) status_code:404 , {'error': {'name': 'order_not_found', 'message': '주문을 찾지 못했습니다.'}}
[00:42:27.334]빗썸 [9][MyApi]쓰레드 종료
[00:42:27.334][9] 666666666666666 [MyApi]stop_threads 종료 C0106000000747177355
[00:42:27.373][9][up](ASK) 주문상태:trade, {'type': 'myOrder', 'code': 'KRW-XRP', 'uuid': '6b7c4377-7613-4b23-95b5-015b53d4428a', 'ask_bid': 'ASK', 'order_type': 'market', 'state': 'trade', 'trade_uuid': '8e9ec635-09ca-4a4f-beda-5563d1f08b2a', 'price': 993, 'avg_price': 992.47020611, 'volume': 340.7358119, 'remaining_volume': 0, 'executed_volume': 852.63, 'trades_count': 4, 'reserved_fee': 0, 'remaining_fee': 0, 'paid_fee': 423.316594216073, 'locked': 0, 'executed_funds': 846633.188432146, 'time_in_force': None, 'trade_timestamp': 1731512547281, 'order_timestamp': 1731512547000, 'timestamp': 1731512547357, 'stream_type': 'REALTIME'}
[00:42:27.374][9]up 77777777777 매도 완료 매수:C0106000000747177355, 매도:(6b7c4377-7613-4b23-95b5-015b53d4428a), {'type': 'myOrder', 'code': 'KRW-XRP', 'uuid': '6b7c4377-7613-4b23-95b5-015b53d4428a', 'ask_bid': 'ASK', 'order_type': 'market', 'state': 'trade', 'trade_uuid': '8e9ec635-09ca-4a4f-beda-5563d1f08b2a', 'price': 993, 'avg_price': 992.47020611, 'volume': 340.7358119, 'remaining_volume': 0, 'executed_volume': 852.63, 'trades_count': 4, 'reserved_fee': 0, 'remaining_fee': 0, 'paid_fee': 423.316594216073, 'locked': 0, 'executed_funds': 846633.188432146, 'time_in_force': None, 'trade_timestamp': 1731512547281, 'order_timestamp': 1731512547000, 'timestamp': 1731512547357, 'stream_type': 'REALTIME'}
[00:42:27.375][9][up](ASK) 주문상태:trade, {'type': 'myOrder', 'code': 'KRW-XRP', 'uuid': '6b7c4377-7613-4b23-95b5-015b53d4428a', 'ask_bid': 'ASK', 'order_type': 'market', 'state': 'trade', 'trade_uuid': 'bf69d60f-86ac-48b4-a138-00c3024695cf', 'price': 993, 'avg_price': 992.47020611, 'volume': 217.80801611, 'remaining_volume': 0, 'executed_volume': 852.63, 'trades_count': 4, 'reserved_fee': 0, 'remaining_fee': 0, 'paid_fee': 423.316594216073, 'locked': 0, 'executed_funds': 846633.188432146, 'time_in_force': None, 'trade_timestamp': 1731512547281, 'order_timestamp': 1731512547000, 'timestamp': 1731512547358, 'stream_type': 'REALTIME'}
[00:42:27.375][9]up 77777777777 매도 완료 매수:C0106000000747177355, 매도:(6b7c4377-7613-4b23-95b5-015b53d4428a), {'type': 'myOrder', 'code': 'KRW-XRP', 'uuid': '6b7c4377-7613-4b23-95b5-015b53d4428a', 'ask_bid': 'ASK', 'order_type': 'market', 'state': 'trade', 'trade_uuid': 'bf69d60f-86ac-48b4-a138-00c3024695cf', 'price': 993, 'avg_price': 992.47020611, 'volume': 217.80801611, 'remaining_volume': 0, 'executed_volume': 852.63, 'trades_count': 4, 'reserved_fee': 0, 'remaining_fee': 0, 'paid_fee': 423.316594216073, 'locked': 0, 'executed_funds': 846633.188432146, 'time_in_force': None, 'trade_timestamp': 1731512547281, 'order_timestamp': 1731512547000, 'timestamp': 1731512547358, 'stream_type': 'REALTIME'}
[00:42:27.376][9][up](ASK) 주문상태:trade, {'type': 'myOrder', 'code': 'KRW-XRP', 'uuid': '6b7c4377-7613-4b23-95b5-015b53d4428a', 'ask_bid': 'ASK', 'order_type': 'market', 'state': 'trade', 'trade_uuid': '88d6c3a4-5a07-49c9-8459-e41dcdf2480b', 'price': 993, 'avg_price': 992.47020611, 'volume': 10.07049345, 'remaining_volume': 0, 'executed_volume': 852.63, 'trades_count': 4, 'reserved_fee': 0, 'remaining_fee': 0, 'paid_fee': 423.316594216073, 'locked': 0, 'executed_funds': 846633.188432146, 'time_in_force': None, 'trade_timestamp': 1731512547281, 'order_timestamp': 1731512547000, 'timestamp': 1731512547358, 'stream_type': 'REALTIME'}
[00:42:27.376][9]up 77777777777 매도 완료 매수:C0106000000747177355, 매도:(6b7c4377-7613-4b23-95b5-015b53d4428a), {'type': 'myOrder', 'code': 'KRW-XRP', 'uuid': '6b7c4377-7613-4b23-95b5-015b53d4428a', 'ask_bid': 'ASK', 'order_type': 'market', 'state': 'trade', 'trade_uuid': '88d6c3a4-5a07-49c9-8459-e41dcdf2480b', 'price': 993, 'avg_price': 992.47020611, 'volume': 10.07049345, 'remaining_volume': 0, 'executed_volume': 852.63, 'trades_count': 4, 'reserved_fee': 0, 'remaining_fee': 0, 'paid_fee': 423.316594216073, 'locked': 0, 'executed_funds': 846633.188432146, 'time_in_force': None, 'trade_timestamp': 1731512547281, 'order_timestamp': 1731512547000, 'timestamp': 1731512547358, 'stream_type': 'REALTIME'}
[00:42:27.377][9][up](ASK) 주문상태:trade, {'type': 'myOrder', 'code': 'KRW-XRP', 'uuid': '6b7c4377-7613-4b23-95b5-015b53d4428a', 'ask_bid': 'ASK', 'order_type': 'market', 'state': 'trade', 'trade_uuid': '794adc36-9b92-41cb-adb5-b706326a28ac', 'price': 992.9, 'avg_price': 992.47020611, 'volume': 284.01567854, 'remaining_volume': 0, 'executed_volume': 852.63, 'trades_count': 4, 'reserved_fee': 0, 'remaining_fee': 0, 'paid_fee': 423.316594216073, 'locked': 0, 'executed_funds': 846633.188432146, 'time_in_force': None, 'trade_timestamp': 1731512547281, 'order_timestamp': 1731512547000, 'timestamp': 1731512547359, 'stream_type': 'REALTIME'}
[00:42:27.378][9]up 77777777777 매도 완료 매수:C0106000000747177355, 매도:(6b7c4377-7613-4b23-95b5-015b53d4428a), {'type': 'myOrder', 'code': 'KRW-XRP', 'uuid': '6b7c4377-7613-4b23-95b5-015b53d4428a', 'ask_bid': 'ASK', 'order_type': 'market', 'state': 'trade', 'trade_uuid': '794adc36-9b92-41cb-adb5-b706326a28ac', 'price': 992.9, 'avg_price': 992.47020611, 'volume': 284.01567854, 'remaining_volume': 0, 'executed_volume': 852.63, 'trades_count': 4, 'reserved_fee': 0, 'remaining_fee': 0, 'paid_fee': 423.316594216073, 'locked': 0, 'executed_funds': 846633.188432146, 'time_in_force': None, 'trade_timestamp': 1731512547281, 'order_timestamp': 1731512547000, 'timestamp': 1731512547359, 'stream_type': 'REALTIME'}
[00:42:27.378][9][up](ASK) 주문상태:done, {'type': 'myOrder', 'code': 'KRW-XRP', 'uuid': '6b7c4377-7613-4b23-95b5-015b53d4428a', 'ask_bid': 'ASK', 'order_type': 'market', 'state': 'done', 'trade_uuid': None, 'price': None, 'avg_price': 992.47020611, 'volume': 852.63, 'remaining_volume': 0, 'executed_volume': 852.63, 'trades_count': 4, 'reserved_fee': 0, 'remaining_fee': 0, 'paid_fee': 423.316594216073, 'locked': 0, 'executed_funds': 846633.188432146, 'time_in_force': None, 'trade_timestamp': None, 'order_timestamp': 1731512547000, 'timestamp': 1731512547359, 'stream_type': 'REALTIME'}
[00:43:56.947][10]업빗탈출신청(7c68b04d-1eae-4b30-9c49-d1665b317f66) mode:1, 차익 부족-0.3(0.696)
[00:43:56.949][10]업빗1111111111111매수신청 완료(7c68b04d-1eae-4b30-9c49-d1665b317f66), mode:1, result:{'uuid': '7c68b04d-1eae-4b30-9c49-d1665b317f66', 'side': 'bid', 'ord_type': 'limit', 'price': '995.3', 'state': 'wait', 'market': 'KRW-XRP', 'created_at': '2024-11-14T00:43:56+09:00', 'volume': '2382.2855', 'remaining_volume': '2382.2855', 'reserved_fee': '1185.544379075', 'remaining_fee': '1185.544379075', 'paid_fee': '0', 'locked': '2372274.302529075', 'executed_volume': '0', 'trades_count': 0}
[00:43:56.974][10][up](BID) 주문상태:wait, {'type': 'myOrder', 'code': 'KRW-XRP', 'uuid': '7c68b04d-1eae-4b30-9c49-d1665b317f66', 'ask_bid': 'BID', 'order_type': 'limit', 'state': 'wait', 'trade_uuid': None, 'price': 995.3, 'avg_price': 0, 'volume': 2382.2855, 'remaining_volume': 2382.2855, 'executed_volume': 0, 'trades_count': 0, 'reserved_fee': 1185.544379075, 'remaining_fee': 1185.544379075, 'paid_fee': 0, 'locked': 2372274.302529075, 'executed_funds': 0, 'time_in_force': None, 'trade_timestamp': None, 'order_timestamp': 1731512636000, 'timestamp': 1731512636958, 'stream_type': 'REALTIME'}
[00:43:56.976][10]up22222222222222222 매수대기 (7c68b04d-1eae-4b30-9c49-d1665b317f66),{'type': 'myOrder', 'code': 'KRW-XRP', 'uuid': '7c68b04d-1eae-4b30-9c49-d1665b317f66', 'ask_bid': 'BID', 'order_type': 'limit', 'state': 'wait', 'trade_uuid': None, 'price': 995.3, 'avg_price': 0, 'volume': 2382.2855, 'remaining_volume': 2382.2855, 'executed_volume': 0, 'trades_count': 0, 'reserved_fee': 1185.544379075, 'remaining_fee': 1185.544379075, 'paid_fee': 0, 'locked': 2372274.302529075, 'executed_funds': 0, 'time_in_force': None, 'trade_timestamp': None, 'order_timestamp': 1731512636000, 'timestamp': 1731512636958, 'stream_type': 'REALTIME'}
[00:43:57.101][10]업빗탈출신청결과(7c68b04d-1eae-4b30-9c49-d1665b317f66) status_code:200 , {'uuid': '7c68b04d-1eae-4b30-9c49-d1665b317f66', 'side': 'bid', 'ord_type': 'limit', 'price': '995.3', 'state': 'wait', 'market': 'KRW-XRP', 'created_at': '2024-11-14T00:43:56+09:00', 'volume': '2382.2855', 'remaining_volume': '2382.2855', 'reserved_fee': '1185.544379075', 'remaining_fee': '1185.544379075', 'paid_fee': '0', 'locked': '2372274.302529075', 'executed_volume': '0', 'trades_count': 0}
[00:43:57.139][10]업빗탈출신청(7c68b04d-1eae-4b30-9c49-d1665b317f66) mode:1, 차익 부족-0.3(0.696)
[00:43:57.173][10][up](BID) 주문상태:cancel, {'type': 'myOrder', 'code': 'KRW-XRP', 'uuid': '7c68b04d-1eae-4b30-9c49-d1665b317f66', 'ask_bid': 'BID', 'order_type': 'limit', 'state': 'cancel', 'trade_uuid': None, 'price': 995.3, 'avg_price': 0, 'volume': 2382.2855, 'remaining_volume': 2382.2855, 'executed_volume': 0, 'trades_count': 0, 'reserved_fee': 1185.544379075, 'remaining_fee': 1185.544379075, 'paid_fee': 0, 'locked': 2372274.302529075, 'executed_funds': 0, 'time_in_force': None, 'trade_timestamp': None, 'order_timestamp': 1731512636000, 'timestamp': 1731512637161, 'stream_type': 'REALTIME'}
[00:43:57.173][10]up33333333333333333 매수취소(7c68b04d-1eae-4b30-9c49-d1665b317f66), {'type': 'myOrder', 'code': 'KRW-XRP', 'uuid': '7c68b04d-1eae-4b30-9c49-d1665b317f66', 'ask_bid': 'BID', 'order_type': 'limit', 'state': 'cancel', 'trade_uuid': None, 'price': 995.3, 'avg_price': 0, 'volume': 2382.2855, 'remaining_volume': 2382.2855, 'executed_volume': 0, 'trades_count': 0, 'reserved_fee': 1185.544379075, 'remaining_fee': 1185.544379075, 'paid_fee': 0, 'locked': 2372274.302529075, 'executed_funds': 0, 'time_in_force': None, 'trade_timestamp': None, 'order_timestamp': 1731512636000, 'timestamp': 1731512637161, 'stream_type': 'REALTIME'}
[00:43:57.173][10]up 4444444444444 쓰레드 정리 isclear isClear(7c68b04d-1eae-4b30-9c49-d1665b317f66), 남은양:2382.2855, {'type': 'myOrder', 'code': 'KRW-XRP', 'uuid': '7c68b04d-1eae-4b30-9c49-d1665b317f66', 'ask_bid': 'BID', 'order_type': 'limit', 'state': 'cancel', 'trade_uuid': None, 'price': 995.3, 'avg_price': 0, 'volume': 2382.2855, 'remaining_volume': 2382.2855, 'executed_volume': 0, 'trades_count': 0, 'reserved_fee': 1185.544379075, 'remaining_fee': 1185.544379075, 'paid_fee': 0, 'locked': 2372274.302529075, 'executed_funds': 0, 'time_in_force': None, 'trade_timestamp': None, 'order_timestamp': 1731512636000, 'timestamp': 1731512637161, 'stream_type': 'REALTIME'}
[00:43:57.175][MyApi]stop_threads 시작 7c68b04d-1eae-4b30-9c49-d1665b317f66
[00:43:57.230][10]업빗탈출신청결과(7c68b04d-1eae-4b30-9c49-d1665b317f66) status_code:400 , {'error': {'name': 'canceled_order', 'message': '이미 취소된 주문입니다.'}}
[00:43:57.234]업빗 [10][MyApi]쓰레드 종료
[00:43:57.234][10] 666666666666666 [MyApi]stop_threads 종료 7c68b04d-1eae-4b30-9c49-d1665b317f66
[00:44:22.606][11]업빗1111111111111매수신청 완료(d272d554-406b-498a-971a-add03f59d74a), mode:1, result:{'uuid': 'd272d554-406b-498a-971a-add03f59d74a', 'side': 'bid', 'ord_type': 'limit', 'price': '996.8', 'state': 'wait', 'market': 'KRW-XRP', 'created_at': '2024-11-14T00:44:22+09:00', 'volume': '5000', 'remaining_volume': '5000', 'reserved_fee': '2492', 'remaining_fee': '2492', 'paid_fee': '0', 'locked': '4986492', 'executed_volume': '0', 'trades_count': 0}
[00:44:22.614][11]업빗탈출신청(d272d554-406b-498a-971a-add03f59d74a) mode:1, 차익 부족0.2(0.697)
[00:44:22.644][11][up](BID) 주문상태:wait, {'type': 'myOrder', 'code': 'KRW-XRP', 'uuid': 'd272d554-406b-498a-971a-add03f59d74a', 'ask_bid': 'BID', 'order_type': 'limit', 'state': 'wait', 'trade_uuid': None, 'price': 996.8, 'avg_price': 0, 'volume': 5000, 'remaining_volume': 5000, 'executed_volume': 0, 'trades_count': 0, 'reserved_fee': 2492, 'remaining_fee': 2492, 'paid_fee': 0, 'locked': 4986492, 'executed_funds': 0, 'time_in_force': None, 'trade_timestamp': None, 'order_timestamp': 1731512662000, 'timestamp': 1731512662627, 'stream_type': 'REALTIME'}
[00:44:22.646][11]up22222222222222222 매수대기 (d272d554-406b-498a-971a-add03f59d74a),{'type': 'myOrder', 'code': 'KRW-XRP', 'uuid': 'd272d554-406b-498a-971a-add03f59d74a', 'ask_bid': 'BID', 'order_type': 'limit', 'state': 'wait', 'trade_uuid': None, 'price': 996.8, 'avg_price': 0, 'volume': 5000, 'remaining_volume': 5000, 'executed_volume': 0, 'trades_count': 0, 'reserved_fee': 2492, 'remaining_fee': 2492, 'paid_fee': 0, 'locked': 4986492, 'executed_funds': 0, 'time_in_force': None, 'trade_timestamp': None, 'order_timestamp': 1731512662000, 'timestamp': 1731512662627, 'stream_type': 'REALTIME'}
[00:44:22.732][11]업빗탈출신청결과(d272d554-406b-498a-971a-add03f59d74a) status_code:200 , {'uuid': 'd272d554-406b-498a-971a-add03f59d74a', 'side': 'bid', 'ord_type': 'limit', 'price': '996.8', 'state': 'wait', 'market': 'KRW-XRP', 'created_at': '2024-11-14T00:44:22+09:00', 'volume': '5000', 'remaining_volume': '5000', 'reserved_fee': '2492', 'remaining_fee': '2492', 'paid_fee': '0', 'locked': '4986492', 'executed_volume': '0', 'trades_count': 0}
[00:44:22.739][11]업빗탈출신청(d272d554-406b-498a-971a-add03f59d74a) mode:1, 차익 부족0.2(0.698)
[00:44:22.812][11][up](BID) 주문상태:cancel, {'type': 'myOrder', 'code': 'KRW-XRP', 'uuid': 'd272d554-406b-498a-971a-add03f59d74a', 'ask_bid': 'BID', 'order_type': 'limit', 'state': 'cancel', 'trade_uuid': None, 'price': 996.8, 'avg_price': 0, 'volume': 5000, 'remaining_volume': 5000, 'executed_volume': 0, 'trades_count': 0, 'reserved_fee': 2492, 'remaining_fee': 2492, 'paid_fee': 0, 'locked': 4986492, 'executed_funds': 0, 'time_in_force': None, 'trade_timestamp': None, 'order_timestamp': 1731512662000, 'timestamp': 1731512662803, 'stream_type': 'REALTIME'}
[00:44:22.812][11]up33333333333333333 매수취소(d272d554-406b-498a-971a-add03f59d74a), {'type': 'myOrder', 'code': 'KRW-XRP', 'uuid': 'd272d554-406b-498a-971a-add03f59d74a', 'ask_bid': 'BID', 'order_type': 'limit', 'state': 'cancel', 'trade_uuid': None, 'price': 996.8, 'avg_price': 0, 'volume': 5000, 'remaining_volume': 5000, 'executed_volume': 0, 'trades_count': 0, 'reserved_fee': 2492, 'remaining_fee': 2492, 'paid_fee': 0, 'locked': 4986492, 'executed_funds': 0, 'time_in_force': None, 'trade_timestamp': None, 'order_timestamp': 1731512662000, 'timestamp': 1731512662803, 'stream_type': 'REALTIME'}
[00:44:22.812][11]up 4444444444444 쓰레드 정리 isclear isClear(d272d554-406b-498a-971a-add03f59d74a), 남은양:5000.0, {'type': 'myOrder', 'code': 'KRW-XRP', 'uuid': 'd272d554-406b-498a-971a-add03f59d74a', 'ask_bid': 'BID', 'order_type': 'limit', 'state': 'cancel', 'trade_uuid': None, 'price': 996.8, 'avg_price': 0, 'volume': 5000, 'remaining_volume': 5000, 'executed_volume': 0, 'trades_count': 0, 'reserved_fee': 2492, 'remaining_fee': 2492, 'paid_fee': 0, 'locked': 4986492, 'executed_funds': 0, 'time_in_force': None, 'trade_timestamp': None, 'order_timestamp': 1731512662000, 'timestamp': 1731512662803, 'stream_type': 'REALTIME'}
[00:44:22.814][MyApi]stop_threads 시작 d272d554-406b-498a-971a-add03f59d74a
[00:44:22.849][11]업빗탈출신청결과(d272d554-406b-498a-971a-add03f59d74a) status_code:400 , {'error': {'message': '이미 취소된 주문입니다.', 'name': 'canceled_order'}}
[00:44:22.853]업빗 [11][MyApi]쓰레드 종료
[00:44:22.853][11] 666666666666666 [MyApi]stop_threads 종료 d272d554-406b-498a-971a-add03f59d74a
[00:45:16.449][12]업빗1111111111111매수신청 완료(6e8075dc-5a38-401f-b118-ca292953bffb), mode:1, result:{'uuid': '6e8075dc-5a38-401f-b118-ca292953bffb', 'side': 'bid', 'ord_type': 'limit', 'price': '995.2', 'state': 'wait', 'market': 'KRW-XRP', 'created_at': '2024-11-14T00:45:16+09:00', 'volume': '5000', 'remaining_volume': '5000', 'reserved_fee': '2488', 'remaining_fee': '2488', 'paid_fee': '0', 'locked': '4978488', 'executed_volume': '0', 'trades_count': 0}
[00:45:16.482][12][up](BID) 주문상태:wait, {'type': 'myOrder', 'code': 'KRW-XRP', 'uuid': '6e8075dc-5a38-401f-b118-ca292953bffb', 'ask_bid': 'BID', 'order_type': 'limit', 'state': 'wait', 'trade_uuid': None, 'price': 995.2, 'avg_price': 0, 'volume': 5000, 'remaining_volume': 5000, 'executed_volume': 0, 'trades_count': 0, 'reserved_fee': 2488, 'remaining_fee': 2488, 'paid_fee': 0, 'locked': 4978488, 'executed_funds': 0, 'time_in_force': None, 'trade_timestamp': None, 'order_timestamp': 1731512716000, 'timestamp': 1731512716470, 'stream_type': 'REALTIME'}
[00:45:16.483][12]up22222222222222222 매수대기 (6e8075dc-5a38-401f-b118-ca292953bffb),{'type': 'myOrder', 'code': 'KRW-XRP', 'uuid': '6e8075dc-5a38-401f-b118-ca292953bffb', 'ask_bid': 'BID', 'order_type': 'limit', 'state': 'wait', 'trade_uuid': None, 'price': 995.2, 'avg_price': 0, 'volume': 5000, 'remaining_volume': 5000, 'executed_volume': 0, 'trades_count': 0, 'reserved_fee': 2488, 'remaining_fee': 2488, 'paid_fee': 0, 'locked': 4978488, 'executed_funds': 0, 'time_in_force': None, 'trade_timestamp': None, 'order_timestamp': 1731512716000, 'timestamp': 1731512716470, 'stream_type': 'REALTIME'}
[00:45:16.497][12]업빗탈출신청(6e8075dc-5a38-401f-b118-ca292953bffb) mode:1, 차익 부족-0.2(0.696)
[00:45:16.616][12]업빗탈출신청결과(6e8075dc-5a38-401f-b118-ca292953bffb) status_code:200 , {'uuid': '6e8075dc-5a38-401f-b118-ca292953bffb', 'side': 'bid', 'ord_type': 'limit', 'price': '995.2', 'state': 'wait', 'market': 'KRW-XRP', 'created_at': '2024-11-14T00:45:16+09:00', 'volume': '5000', 'remaining_volume': '5000', 'reserved_fee': '2488', 'remaining_fee': '2488', 'paid_fee': '0', 'locked': '4978488', 'executed_volume': '0', 'trades_count': 0}
[00:45:16.639][12]업빗탈출신청(6e8075dc-5a38-401f-b118-ca292953bffb) mode:1, 차익 부족-0.2(0.696)
[00:45:16.674][12][up](BID) 주문상태:cancel, {'type': 'myOrder', 'code': 'KRW-XRP', 'uuid': '6e8075dc-5a38-401f-b118-ca292953bffb', 'ask_bid': 'BID', 'order_type': 'limit', 'state': 'cancel', 'trade_uuid': None, 'price': 995.2, 'avg_price': 0, 'volume': 5000, 'remaining_volume': 5000, 'executed_volume': 0, 'trades_count': 0, 'reserved_fee': 2488, 'remaining_fee': 2488, 'paid_fee': 0, 'locked': 4978488, 'executed_funds': 0, 'time_in_force': None, 'trade_timestamp': None, 'order_timestamp': 1731512716000, 'timestamp': 1731512716660, 'stream_type': 'REALTIME'}
[00:45:16.674][12]up33333333333333333 매수취소(6e8075dc-5a38-401f-b118-ca292953bffb), {'type': 'myOrder', 'code': 'KRW-XRP', 'uuid': '6e8075dc-5a38-401f-b118-ca292953bffb', 'ask_bid': 'BID', 'order_type': 'limit', 'state': 'cancel', 'trade_uuid': None, 'price': 995.2, 'avg_price': 0, 'volume': 5000, 'remaining_volume': 5000, 'executed_volume': 0, 'trades_count': 0, 'reserved_fee': 2488, 'remaining_fee': 2488, 'paid_fee': 0, 'locked': 4978488, 'executed_funds': 0, 'time_in_force': None, 'trade_timestamp': None, 'order_timestamp': 1731512716000, 'timestamp': 1731512716660, 'stream_type': 'REALTIME'}
[00:45:16.674][12]up 4444444444444 쓰레드 정리 isclear isClear(6e8075dc-5a38-401f-b118-ca292953bffb), 남은양:5000.0, {'type': 'myOrder', 'code': 'KRW-XRP', 'uuid': '6e8075dc-5a38-401f-b118-ca292953bffb', 'ask_bid': 'BID', 'order_type': 'limit', 'state': 'cancel', 'trade_uuid': None, 'price': 995.2, 'avg_price': 0, 'volume': 5000, 'remaining_volume': 5000, 'executed_volume': 0, 'trades_count': 0, 'reserved_fee': 2488, 'remaining_fee': 2488, 'paid_fee': 0, 'locked': 4978488, 'executed_funds': 0, 'time_in_force': None, 'trade_timestamp': None, 'order_timestamp': 1731512716000, 'timestamp': 1731512716660, 'stream_type': 'REALTIME'}
[00:45:16.675][MyApi]stop_threads 시작 6e8075dc-5a38-401f-b118-ca292953bffb
[00:45:16.775][12]업빗탈출신청결과(6e8075dc-5a38-401f-b118-ca292953bffb) status_code:400 , {'error': {'message': '이미 취소된 주문입니다.', 'name': 'canceled_order'}}
[00:45:16.778]업빗 [12][MyApi]쓰레드 종료
[00:45:16.778][12] 666666666666666 [MyApi]stop_threads 종료 6e8075dc-5a38-401f-b118-ca292953bffb
[00:45:21.890][13]업빗1111111111111매수신청 완료(2a00a6f8-8124-4a8d-86ff-57eba1ed14d5), mode:1, result:{'uuid': '2a00a6f8-8124-4a8d-86ff-57eba1ed14d5', 'side': 'bid', 'ord_type': 'limit', 'price': '995.2', 'state': 'wait', 'market': 'KRW-XRP', 'created_at': '2024-11-14T00:45:21+09:00', 'volume': '5000', 'remaining_volume': '5000', 'reserved_fee': '2488', 'remaining_fee': '2488', 'paid_fee': '0', 'locked': '4978488', 'executed_volume': '0', 'trades_count': 0}
[00:45:21.933][13][up](BID) 주문상태:wait, {'type': 'myOrder', 'code': 'KRW-XRP', 'uuid': '2a00a6f8-8124-4a8d-86ff-57eba1ed14d5', 'ask_bid': 'BID', 'order_type': 'limit', 'state': 'wait', 'trade_uuid': None, 'price': 995.2, 'avg_price': 0, 'volume': 5000, 'remaining_volume': 5000, 'executed_volume': 0, 'trades_count': 0, 'reserved_fee': 2488, 'remaining_fee': 2488, 'paid_fee': 0, 'locked': 4978488, 'executed_funds': 0, 'time_in_force': None, 'trade_timestamp': None, 'order_timestamp': 1731512721000, 'timestamp': 1731512721916, 'stream_type': 'REALTIME'}
[00:45:21.934][13]up22222222222222222 매수대기 (2a00a6f8-8124-4a8d-86ff-57eba1ed14d5),{'type': 'myOrder', 'code': 'KRW-XRP', 'uuid': '2a00a6f8-8124-4a8d-86ff-57eba1ed14d5', 'ask_bid': 'BID', 'order_type': 'limit', 'state': 'wait', 'trade_uuid': None, 'price': 995.2, 'avg_price': 0, 'volume': 5000, 'remaining_volume': 5000, 'executed_volume': 0, 'trades_count': 0, 'reserved_fee': 2488, 'remaining_fee': 2488, 'paid_fee': 0, 'locked': 4978488, 'executed_funds': 0, 'time_in_force': None, 'trade_timestamp': None, 'order_timestamp': 1731512721000, 'timestamp': 1731512721916, 'stream_type': 'REALTIME'}
[00:45:22.639][13]업빗탈출신청(2a00a6f8-8124-4a8d-86ff-57eba1ed14d5) mode:1, 업빗매수3까지 내려옴. 매수금액(995.2), 매수2(995.5)
[00:45:22.750][13]업빗탈출신청결과(2a00a6f8-8124-4a8d-86ff-57eba1ed14d5) status_code:200 , {'uuid': '2a00a6f8-8124-4a8d-86ff-57eba1ed14d5', 'side': 'bid', 'ord_type': 'limit', 'price': '995.2', 'state': 'wait', 'market': 'KRW-XRP', 'created_at': '2024-11-14T00:45:21+09:00', 'volume': '5000', 'remaining_volume': '5000', 'reserved_fee': '2488', 'remaining_fee': '2488', 'paid_fee': '0', 'locked': '4978488', 'executed_volume': '0', 'trades_count': 0}
[00:45:22.792][13][up](BID) 주문상태:cancel, {'type': 'myOrder', 'code': 'KRW-XRP', 'uuid': '2a00a6f8-8124-4a8d-86ff-57eba1ed14d5', 'ask_bid': 'BID', 'order_type': 'limit', 'state': 'cancel', 'trade_uuid': None, 'price': 995.2, 'avg_price': 0, 'volume': 5000, 'remaining_volume': 5000, 'executed_volume': 0, 'trades_count': 0, 'reserved_fee': 2488, 'remaining_fee': 2488, 'paid_fee': 0, 'locked': 4978488, 'executed_funds': 0, 'time_in_force': None, 'trade_timestamp': None, 'order_timestamp': 1731512721000, 'timestamp': 1731512722784, 'stream_type': 'REALTIME'}
[00:45:22.792][13]up33333333333333333 매수취소(2a00a6f8-8124-4a8d-86ff-57eba1ed14d5), {'type': 'myOrder', 'code': 'KRW-XRP', 'uuid': '2a00a6f8-8124-4a8d-86ff-57eba1ed14d5', 'ask_bid': 'BID', 'order_type': 'limit', 'state': 'cancel', 'trade_uuid': None, 'price': 995.2, 'avg_price': 0, 'volume': 5000, 'remaining_volume': 5000, 'executed_volume': 0, 'trades_count': 0, 'reserved_fee': 2488, 'remaining_fee': 2488, 'paid_fee': 0, 'locked': 4978488, 'executed_funds': 0, 'time_in_force': None, 'trade_timestamp': None, 'order_timestamp': 1731512721000, 'timestamp': 1731512722784, 'stream_type': 'REALTIME'}
[00:45:22.792][13]up 4444444444444 쓰레드 정리 isclear isClear(2a00a6f8-8124-4a8d-86ff-57eba1ed14d5), 남은양:5000.0, {'type': 'myOrder', 'code': 'KRW-XRP', 'uuid': '2a00a6f8-8124-4a8d-86ff-57eba1ed14d5', 'ask_bid': 'BID', 'order_type': 'limit', 'state': 'cancel', 'trade_uuid': None, 'price': 995.2, 'avg_price': 0, 'volume': 5000, 'remaining_volume': 5000, 'executed_volume': 0, 'trades_count': 0, 'reserved_fee': 2488, 'remaining_fee': 2488, 'paid_fee': 0, 'locked': 4978488, 'executed_funds': 0, 'time_in_force': None, 'trade_timestamp': None, 'order_timestamp': 1731512721000, 'timestamp': 1731512722784, 'stream_type': 'REALTIME'}
[00:45:22.793][MyApi]stop_threads 시작 2a00a6f8-8124-4a8d-86ff-57eba1ed14d5
[00:45:22.795]업빗 [13][MyApi]쓰레드 종료
[00:45:22.796][13] 666666666666666 [MyApi]stop_threads 종료 2a00a6f8-8124-4a8d-86ff-57eba1ed14d5
[00:45:47.278][14]업빗1111111111111매수신청 완료(12aa155d-b3e1-443e-aee1-d9b24970b15b), mode:1, result:{'uuid': '12aa155d-b3e1-443e-aee1-d9b24970b15b', 'side': 'bid', 'ord_type': 'limit', 'price': '996.3', 'state': 'wait', 'market': 'KRW-XRP', 'created_at': '2024-11-14T00:45:47+09:00', 'volume': '5000', 'remaining_volume': '5000', 'reserved_fee': '2490.75', 'remaining_fee': '2490.75', 'paid_fee': '0', 'locked': '4983990.75', 'executed_volume': '0', 'trades_count': 0}
[00:45:47.304][14][up](BID) 주문상태:wait, {'type': 'myOrder', 'code': 'KRW-XRP', 'uuid': '12aa155d-b3e1-443e-aee1-d9b24970b15b', 'ask_bid': 'BID', 'order_type': 'limit', 'state': 'wait', 'trade_uuid': None, 'price': 996.3, 'avg_price': 0, 'volume': 5000, 'remaining_volume': 5000, 'executed_volume': 0, 'trades_count': 0, 'reserved_fee': 2490.75, 'remaining_fee': 2490.75, 'paid_fee': 0, 'locked': 4983990.75, 'executed_funds': 0, 'time_in_force': None, 'trade_timestamp': None, 'order_timestamp': 1731512747000, 'timestamp': 1731512747288, 'stream_type': 'REALTIME'}
[00:45:47.311][14]up22222222222222222 매수대기 (12aa155d-b3e1-443e-aee1-d9b24970b15b),{'type': 'myOrder', 'code': 'KRW-XRP', 'uuid': '12aa155d-b3e1-443e-aee1-d9b24970b15b', 'ask_bid': 'BID', 'order_type': 'limit', 'state': 'wait', 'trade_uuid': None, 'price': 996.3, 'avg_price': 0, 'volume': 5000, 'remaining_volume': 5000, 'executed_volume': 0, 'trades_count': 0, 'reserved_fee': 2490.75, 'remaining_fee': 2490.75, 'paid_fee': 0, 'locked': 4983990.75, 'executed_funds': 0, 'time_in_force': None, 'trade_timestamp': None, 'order_timestamp': 1731512747000, 'timestamp': 1731512747288, 'stream_type': 'REALTIME'}
[00:45:47.338][14]업빗탈출신청(12aa155d-b3e1-443e-aee1-d9b24970b15b) mode:1, 업빗매수3까지 내려옴. 매수금액(996.3), 매수2(996.4)
[00:45:47.425][14]업빗탈출신청결과(12aa155d-b3e1-443e-aee1-d9b24970b15b) status_code:200 , {'uuid': '12aa155d-b3e1-443e-aee1-d9b24970b15b', 'side': 'bid', 'ord_type': 'limit', 'price': '996.3', 'state': 'wait', 'market': 'KRW-XRP', 'created_at': '2024-11-14T00:45:47+09:00', 'volume': '5000', 'remaining_volume': '5000', 'reserved_fee': '2490.75', 'remaining_fee': '2490.75', 'paid_fee': '0', 'locked': '4983990.75', 'executed_volume': '0', 'trades_count': 0}
[00:45:47.502][14][up](BID) 주문상태:cancel, {'type': 'myOrder', 'code': 'KRW-XRP', 'uuid': '12aa155d-b3e1-443e-aee1-d9b24970b15b', 'ask_bid': 'BID', 'order_type': 'limit', 'state': 'cancel', 'trade_uuid': None, 'price': 996.3, 'avg_price': 0, 'volume': 5000, 'remaining_volume': 5000, 'executed_volume': 0, 'trades_count': 0, 'reserved_fee': 2490.75, 'remaining_fee': 2490.75, 'paid_fee': 0, 'locked': 4983990.75, 'executed_funds': 0, 'time_in_force': None, 'trade_timestamp': None, 'order_timestamp': 1731512747000, 'timestamp': 1731512747488, 'stream_type': 'REALTIME'}
[00:45:47.502][14]up33333333333333333 매수취소(12aa155d-b3e1-443e-aee1-d9b24970b15b), {'type': 'myOrder', 'code': 'KRW-XRP', 'uuid': '12aa155d-b3e1-443e-aee1-d9b24970b15b', 'ask_bid': 'BID', 'order_type': 'limit', 'state': 'cancel', 'trade_uuid': None, 'price': 996.3, 'avg_price': 0, 'volume': 5000, 'remaining_volume': 5000, 'executed_volume': 0, 'trades_count': 0, 'reserved_fee': 2490.75, 'remaining_fee': 2490.75, 'paid_fee': 0, 'locked': 4983990.75, 'executed_funds': 0, 'time_in_force': None, 'trade_timestamp': None, 'order_timestamp': 1731512747000, 'timestamp': 1731512747488, 'stream_type': 'REALTIME'}
[00:45:47.502][14]up 4444444444444 쓰레드 정리 isclear isClear(12aa155d-b3e1-443e-aee1-d9b24970b15b), 남은양:5000.0, {'type': 'myOrder', 'code': 'KRW-XRP', 'uuid': '12aa155d-b3e1-443e-aee1-d9b24970b15b', 'ask_bid': 'BID', 'order_type': 'limit', 'state': 'cancel', 'trade_uuid': None, 'price': 996.3, 'avg_price': 0, 'volume': 5000, 'remaining_volume': 5000, 'executed_volume': 0, 'trades_count': 0, 'reserved_fee': 2490.75, 'remaining_fee': 2490.75, 'paid_fee': 0, 'locked': 4983990.75, 'executed_funds': 0, 'time_in_force': None, 'trade_timestamp': None, 'order_timestamp': 1731512747000, 'timestamp': 1731512747488, 'stream_type': 'REALTIME'}
[00:45:47.503][MyApi]stop_threads 시작 12aa155d-b3e1-443e-aee1-d9b24970b15b
[00:45:47.506]업빗 [14][MyApi]쓰레드 종료
[00:45:47.506][14] 666666666666666 [MyApi]stop_threads 종료 12aa155d-b3e1-443e-aee1-d9b24970b15b
[00:45:56.080][15]업빗1111111111111매수신청 완료(73f2e254-f903-48fa-bd39-8b1f2b228eef), mode:1, result:{'uuid': '73f2e254-f903-48fa-bd39-8b1f2b228eef', 'side': 'bid', 'ord_type': 'limit', 'price': '997.2', 'state': 'wait', 'market': 'KRW-XRP', 'created_at': '2024-11-14T00:45:56+09:00', 'volume': '5000', 'remaining_volume': '5000', 'reserved_fee': '2493', 'remaining_fee': '2493', 'paid_fee': '0', 'locked': '4988493', 'executed_volume': '0', 'trades_count': 0}
[00:45:56.103][15][up](BID) 주문상태:wait, {'type': 'myOrder', 'code': 'KRW-XRP', 'uuid': '73f2e254-f903-48fa-bd39-8b1f2b228eef', 'ask_bid': 'BID', 'order_type': 'limit', 'state': 'wait', 'trade_uuid': None, 'price': 997.2, 'avg_price': 0, 'volume': 5000, 'remaining_volume': 5000, 'executed_volume': 0, 'trades_count': 0, 'reserved_fee': 2493, 'remaining_fee': 2493, 'paid_fee': 0, 'locked': 4988493, 'executed_funds': 0, 'time_in_force': None, 'trade_timestamp': None, 'order_timestamp': 1731512756000, 'timestamp': 1731512756092, 'stream_type': 'REALTIME'}
[00:45:56.105][15]up22222222222222222 매수대기 (73f2e254-f903-48fa-bd39-8b1f2b228eef),{'type': 'myOrder', 'code': 'KRW-XRP', 'uuid': '73f2e254-f903-48fa-bd39-8b1f2b228eef', 'ask_bid': 'BID', 'order_type': 'limit', 'state': 'wait', 'trade_uuid': None, 'price': 997.2, 'avg_price': 0, 'volume': 5000, 'remaining_volume': 5000, 'executed_volume': 0, 'trades_count': 0, 'reserved_fee': 2493, 'remaining_fee': 2493, 'paid_fee': 0, 'locked': 4988493, 'executed_funds': 0, 'time_in_force': None, 'trade_timestamp': None, 'order_timestamp': 1731512756000, 'timestamp': 1731512756092, 'stream_type': 'REALTIME'}
[00:45:56.135][15]업빗탈출신청(73f2e254-f903-48fa-bd39-8b1f2b228eef) mode:1, 최종적으로 수량 부족으로 탈출. 빗썸매수2차익:-0.2, BitToUp:0.698, UpToBit:0.698, 남은매수/신청매수:5000.0/5000.0, buy_amount:1928.0887, get_total_units:0, up_buy1_amount:1928.0887, up_buy2_amount:22251.7068
[00:45:56.246][15]업빗탈출신청결과(73f2e254-f903-48fa-bd39-8b1f2b228eef) status_code:200 , {'uuid': '73f2e254-f903-48fa-bd39-8b1f2b228eef', 'side': 'bid', 'ord_type': 'limit', 'price': '997.2', 'state': 'wait', 'market': 'KRW-XRP', 'created_at': '2024-11-14T00:45:56+09:00', 'volume': '5000', 'remaining_volume': '5000', 'reserved_fee': '2493', 'remaining_fee': '2493', 'paid_fee': '0', 'locked': '4988493', 'executed_volume': '0', 'trades_count': 0}
[00:45:56.321][15][up](BID) 주문상태:cancel, {'type': 'myOrder', 'code': 'KRW-XRP', 'uuid': '73f2e254-f903-48fa-bd39-8b1f2b228eef', 'ask_bid': 'BID', 'order_type': 'limit', 'state': 'cancel', 'trade_uuid': None, 'price': 997.2, 'avg_price': 0, 'volume': 5000, 'remaining_volume': 5000, 'executed_volume': 0, 'trades_count': 0, 'reserved_fee': 2493, 'remaining_fee': 2493, 'paid_fee': 0, 'locked': 4988493, 'executed_funds': 0, 'time_in_force': None, 'trade_timestamp': None, 'order_timestamp': 1731512756000, 'timestamp': 1731512756307, 'stream_type': 'REALTIME'}
[00:45:56.321][15]up33333333333333333 매수취소(73f2e254-f903-48fa-bd39-8b1f2b228eef), {'type': 'myOrder', 'code': 'KRW-XRP', 'uuid': '73f2e254-f903-48fa-bd39-8b1f2b228eef', 'ask_bid': 'BID', 'order_type': 'limit', 'state': 'cancel', 'trade_uuid': None, 'price': 997.2, 'avg_price': 0, 'volume': 5000, 'remaining_volume': 5000, 'executed_volume': 0, 'trades_count': 0, 'reserved_fee': 2493, 'remaining_fee': 2493, 'paid_fee': 0, 'locked': 4988493, 'executed_funds': 0, 'time_in_force': None, 'trade_timestamp': None, 'order_timestamp': 1731512756000, 'timestamp': 1731512756307, 'stream_type': 'REALTIME'}
[00:45:56.321][15]up 4444444444444 쓰레드 정리 isclear isClear(73f2e254-f903-48fa-bd39-8b1f2b228eef), 남은양:5000.0, {'type': 'myOrder', 'code': 'KRW-XRP', 'uuid': '73f2e254-f903-48fa-bd39-8b1f2b228eef', 'ask_bid': 'BID', 'order_type': 'limit', 'state': 'cancel', 'trade_uuid': None, 'price': 997.2, 'avg_price': 0, 'volume': 5000, 'remaining_volume': 5000, 'executed_volume': 0, 'trades_count': 0, 'reserved_fee': 2493, 'remaining_fee': 2493, 'paid_fee': 0, 'locked': 4988493, 'executed_funds': 0, 'time_in_force': None, 'trade_timestamp': None, 'order_timestamp': 1731512756000, 'timestamp': 1731512756307, 'stream_type': 'REALTIME'}
[00:45:56.322][MyApi]stop_threads 시작 73f2e254-f903-48fa-bd39-8b1f2b228eef
[00:45:56.323]업빗 [15][MyApi]쓰레드 종료
[00:45:56.323][15] 666666666666666 [MyApi]stop_threads 종료 73f2e254-f903-48fa-bd39-8b1f2b228eef
[00:46:16.481][16]업빗1111111111111매수신청 완료(39061698-674d-4ffb-b9be-568f6dfd5a2c), mode:1, result:{'uuid': '39061698-674d-4ffb-b9be-568f6dfd5a2c', 'side': 'bid', 'ord_type': 'limit', 'price': '999', 'state': 'wait', 'market': 'KRW-XRP', 'created_at': '2024-11-14T00:46:16+09:00', 'volume': '5000', 'remaining_volume': '5000', 'reserved_fee': '2497.5', 'remaining_fee': '2497.5', 'paid_fee': '0', 'locked': '4997497.5', 'executed_volume': '0', 'trades_count': 0}
[00:46:16.514][16][up](BID) 주문상태:wait, {'type': 'myOrder', 'code': 'KRW-XRP', 'uuid': '39061698-674d-4ffb-b9be-568f6dfd5a2c', 'ask_bid': 'BID', 'order_type': 'limit', 'state': 'wait', 'trade_uuid': None, 'price': 999, 'avg_price': 0, 'volume': 5000, 'remaining_volume': 5000, 'executed_volume': 0, 'trades_count': 0, 'reserved_fee': 2497.5, 'remaining_fee': 2497.5, 'paid_fee': 0, 'locked': 4997497.5, 'executed_funds': 0, 'time_in_force': None, 'trade_timestamp': None, 'order_timestamp': 1731512776000, 'timestamp': 1731512776495, 'stream_type': 'REALTIME'}
[00:46:16.518][16]up22222222222222222 매수대기 (39061698-674d-4ffb-b9be-568f6dfd5a2c),{'type': 'myOrder', 'code': 'KRW-XRP', 'uuid': '39061698-674d-4ffb-b9be-568f6dfd5a2c', 'ask_bid': 'BID', 'order_type': 'limit', 'state': 'wait', 'trade_uuid': None, 'price': 999, 'avg_price': 0, 'volume': 5000, 'remaining_volume': 5000, 'executed_volume': 0, 'trades_count': 0, 'reserved_fee': 2497.5, 'remaining_fee': 2497.5, 'paid_fee': 0, 'locked': 4997497.5, 'executed_funds': 0, 'time_in_force': None, 'trade_timestamp': None, 'order_timestamp': 1731512776000, 'timestamp': 1731512776495, 'stream_type': 'REALTIME'}
[00:46:16.948][16]업빗탈출신청(39061698-674d-4ffb-b9be-568f6dfd5a2c) mode:1, 업빗매수3까지 내려옴. 매수금액(999.0), 매수2(999.1)
[00:46:17.052][16]업빗탈출신청결과(39061698-674d-4ffb-b9be-568f6dfd5a2c) status_code:200 , {'uuid': '39061698-674d-4ffb-b9be-568f6dfd5a2c', 'side': 'bid', 'ord_type': 'limit', 'price': '999', 'state': 'wait', 'market': 'KRW-XRP', 'created_at': '2024-11-14T00:46:16+09:00', 'volume': '5000', 'remaining_volume': '5000', 'reserved_fee': '2497.5', 'remaining_fee': '2497.5', 'paid_fee': '0', 'locked': '4997497.5', 'executed_volume': '0', 'trades_count': 0}
[00:46:17.112][16][up](BID) 주문상태:cancel, {'type': 'myOrder', 'code': 'KRW-XRP', 'uuid': '39061698-674d-4ffb-b9be-568f6dfd5a2c', 'ask_bid': 'BID', 'order_type': 'limit', 'state': 'cancel', 'trade_uuid': None, 'price': 999, 'avg_price': 0, 'volume': 5000, 'remaining_volume': 5000, 'executed_volume': 0, 'trades_count': 0, 'reserved_fee': 2497.5, 'remaining_fee': 2497.5, 'paid_fee': 0, 'locked': 4997497.5, 'executed_funds': 0, 'time_in_force': None, 'trade_timestamp': None, 'order_timestamp': 1731512776000, 'timestamp': 1731512777098, 'stream_type': 'REALTIME'}
[00:46:17.112][16]up33333333333333333 매수취소(39061698-674d-4ffb-b9be-568f6dfd5a2c), {'type': 'myOrder', 'code': 'KRW-XRP', 'uuid': '39061698-674d-4ffb-b9be-568f6dfd5a2c', 'ask_bid': 'BID', 'order_type': 'limit', 'state': 'cancel', 'trade_uuid': None, 'price': 999, 'avg_price': 0, 'volume': 5000, 'remaining_volume': 5000, 'executed_volume': 0, 'trades_count': 0, 'reserved_fee': 2497.5, 'remaining_fee': 2497.5, 'paid_fee': 0, 'locked': 4997497.5, 'executed_funds': 0, 'time_in_force': None, 'trade_timestamp': None, 'order_timestamp': 1731512776000, 'timestamp': 1731512777098, 'stream_type': 'REALTIME'}
[00:46:17.112][16]up 4444444444444 쓰레드 정리 isclear isClear(39061698-674d-4ffb-b9be-568f6dfd5a2c), 남은양:5000.0, {'type': 'myOrder', 'code': 'KRW-XRP', 'uuid': '39061698-674d-4ffb-b9be-568f6dfd5a2c', 'ask_bid': 'BID', 'order_type': 'limit', 'state': 'cancel', 'trade_uuid': None, 'price': 999, 'avg_price': 0, 'volume': 5000, 'remaining_volume': 5000, 'executed_volume': 0, 'trades_count': 0, 'reserved_fee': 2497.5, 'remaining_fee': 2497.5, 'paid_fee': 0, 'locked': 4997497.5, 'executed_funds': 0, 'time_in_force': None, 'trade_timestamp': None, 'order_timestamp': 1731512776000, 'timestamp': 1731512777098, 'stream_type': 'REALTIME'}
[00:46:17.113][MyApi]stop_threads 시작 39061698-674d-4ffb-b9be-568f6dfd5a2c
[00:46:17.115]업빗 [16][MyApi]쓰레드 종료
[00:46:17.116][16] 666666666666666 [MyApi]stop_threads 종료 39061698-674d-4ffb-b9be-568f6dfd5a2c
[00:46:17.243][17]업빗1111111111111매수신청 완료(1a7192ad-e5d2-448d-b49a-77e71d38c2fd), mode:1, result:{'uuid': '1a7192ad-e5d2-448d-b49a-77e71d38c2fd', 'side': 'bid', 'ord_type': 'limit', 'price': '999.2', 'state': 'wait', 'market': 'KRW-XRP', 'created_at': '2024-11-14T00:46:17+09:00', 'volume': '852.63', 'remaining_volume': '852.63', 'reserved_fee': '425.973948', 'remaining_fee': '425.973948', 'paid_fee': '0', 'locked': '852373.869948', 'executed_volume': '0', 'trades_count': 0}
[00:46:17.261][17][up](BID) 주문상태:wait, {'type': 'myOrder', 'code': 'KRW-XRP', 'uuid': '1a7192ad-e5d2-448d-b49a-77e71d38c2fd', 'ask_bid': 'BID', 'order_type': 'limit', 'state': 'wait', 'trade_uuid': None, 'price': 999.2, 'avg_price': 0, 'volume': 852.63, 'remaining_volume': 852.63, 'executed_volume': 0, 'trades_count': 0, 'reserved_fee': 425.973948, 'remaining_fee': 425.973948, 'paid_fee': 0, 'locked': 852373.869948, 'executed_funds': 0, 'time_in_force': None, 'trade_timestamp': None, 'order_timestamp': 1731512777000, 'timestamp': 1731512777247, 'stream_type': 'REALTIME'}
[00:46:17.263][17]up22222222222222222 매수대기 (1a7192ad-e5d2-448d-b49a-77e71d38c2fd),{'type': 'myOrder', 'code': 'KRW-XRP', 'uuid': '1a7192ad-e5d2-448d-b49a-77e71d38c2fd', 'ask_bid': 'BID', 'order_type': 'limit', 'state': 'wait', 'trade_uuid': None, 'price': 999.2, 'avg_price': 0, 'volume': 852.63, 'remaining_volume': 852.63, 'executed_volume': 0, 'trades_count': 0, 'reserved_fee': 425.973948, 'remaining_fee': 425.973948, 'paid_fee': 0, 'locked': 852373.869948, 'executed_funds': 0, 'time_in_force': None, 'trade_timestamp': None, 'order_timestamp': 1731512777000, 'timestamp': 1731512777247, 'stream_type': 'REALTIME'}
[00:46:17.638][17]업빗탈출신청(1a7192ad-e5d2-448d-b49a-77e71d38c2fd) mode:1, 업빗매수3까지 내려옴. 매수금액(999.2), 매수2(999.5)
[00:46:17.753][17]업빗탈출신청결과(1a7192ad-e5d2-448d-b49a-77e71d38c2fd) status_code:200 , {'uuid': '1a7192ad-e5d2-448d-b49a-77e71d38c2fd', 'side': 'bid', 'ord_type': 'limit', 'price': '999.2', 'state': 'wait', 'market': 'KRW-XRP', 'created_at': '2024-11-14T00:46:17+09:00', 'volume': '852.63', 'remaining_volume': '852.63', 'reserved_fee': '425.973948', 'remaining_fee': '425.973948', 'paid_fee': '0', 'locked': '852373.869948', 'executed_volume': '0', 'trades_count': 0}
[00:46:17.801][17][up](BID) 주문상태:cancel, {'type': 'myOrder', 'code': 'KRW-XRP', 'uuid': '1a7192ad-e5d2-448d-b49a-77e71d38c2fd', 'ask_bid': 'BID', 'order_type': 'limit', 'state': 'cancel', 'trade_uuid': None, 'price': 999.2, 'avg_price': 0, 'volume': 852.63, 'remaining_volume': 852.63, 'executed_volume': 0, 'trades_count': 0, 'reserved_fee': 425.973948, 'remaining_fee': 425.973948, 'paid_fee': 0, 'locked': 852373.869948, 'executed_funds': 0, 'time_in_force': None, 'trade_timestamp': None, 'order_timestamp': 1731512777000, 'timestamp': 1731512777787, 'stream_type': 'REALTIME'}
[00:46:17.801][17]up33333333333333333 매수취소(1a7192ad-e5d2-448d-b49a-77e71d38c2fd), {'type': 'myOrder', 'code': 'KRW-XRP', 'uuid': '1a7192ad-e5d2-448d-b49a-77e71d38c2fd', 'ask_bid': 'BID', 'order_type': 'limit', 'state': 'cancel', 'trade_uuid': None, 'price': 999.2, 'avg_price': 0, 'volume': 852.63, 'remaining_volume': 852.63, 'executed_volume': 0, 'trades_count': 0, 'reserved_fee': 425.973948, 'remaining_fee': 425.973948, 'paid_fee': 0, 'locked': 852373.869948, 'executed_funds': 0, 'time_in_force': None, 'trade_timestamp': None, 'order_timestamp': 1731512777000, 'timestamp': 1731512777787, 'stream_type': 'REALTIME'}
[00:46:17.801][17]up 4444444444444 쓰레드 정리 isclear isClear(1a7192ad-e5d2-448d-b49a-77e71d38c2fd), 남은양:852.63, {'type': 'myOrder', 'code': 'KRW-XRP', 'uuid': '1a7192ad-e5d2-448d-b49a-77e71d38c2fd', 'ask_bid': 'BID', 'order_type': 'limit', 'state': 'cancel', 'trade_uuid': None, 'price': 999.2, 'avg_price': 0, 'volume': 852.63, 'remaining_volume': 852.63, 'executed_volume': 0, 'trades_count': 0, 'reserved_fee': 425.973948, 'remaining_fee': 425.973948, 'paid_fee': 0, 'locked': 852373.869948, 'executed_funds': 0, 'time_in_force': None, 'trade_timestamp': None, 'order_timestamp': 1731512777000, 'timestamp': 1731512777787, 'stream_type': 'REALTIME'}
[00:46:17.802][MyApi]stop_threads 시작 1a7192ad-e5d2-448d-b49a-77e71d38c2fd
[00:46:17.804]업빗 [17][MyApi]쓰레드 종료
[00:46:17.804][17] 666666666666666 [MyApi]stop_threads 종료 1a7192ad-e5d2-448d-b49a-77e71d38c2fd
[00:46:22.657][18]업빗1111111111111매수신청 완료(5e331a0c-0edf-4274-8599-aafd606ec4e5), mode:1, result:{'uuid': '5e331a0c-0edf-4274-8599-aafd606ec4e5', 'side': 'bid', 'ord_type': 'limit', 'price': '1000', 'state': 'wait', 'market': 'KRW-XRP', 'created_at': '2024-11-14T00:46:22+09:00', 'volume': '5000', 'remaining_volume': '5000', 'reserved_fee': '2500', 'remaining_fee': '2500', 'paid_fee': '0', 'locked': '5002500', 'executed_volume': '0', 'trades_count': 0}
[00:46:22.682][18][up](BID) 주문상태:wait, {'type': 'myOrder', 'code': 'KRW-XRP', 'uuid': '5e331a0c-0edf-4274-8599-aafd606ec4e5', 'ask_bid': 'BID', 'order_type': 'limit', 'state': 'wait', 'trade_uuid': None, 'price': 1000, 'avg_price': 0, 'volume': 5000, 'remaining_volume': 5000, 'executed_volume': 0, 'trades_count': 0, 'reserved_fee': 2500, 'remaining_fee': 2500, 'paid_fee': 0, 'locked': 5002500, 'executed_funds': 0, 'time_in_force': None, 'trade_timestamp': None, 'order_timestamp': 1731512782000, 'timestamp': 1731512782667, 'stream_type': 'REALTIME'}
[00:46:22.683][18]up22222222222222222 매수대기 (5e331a0c-0edf-4274-8599-aafd606ec4e5),{'type': 'myOrder', 'code': 'KRW-XRP', 'uuid': '5e331a0c-0edf-4274-8599-aafd606ec4e5', 'ask_bid': 'BID', 'order_type': 'limit', 'state': 'wait', 'trade_uuid': None, 'price': 1000, 'avg_price': 0, 'volume': 5000, 'remaining_volume': 5000, 'executed_volume': 0, 'trades_count': 0, 'reserved_fee': 2500, 'remaining_fee': 2500, 'paid_fee': 0, 'locked': 5002500, 'executed_funds': 0, 'time_in_force': None, 'trade_timestamp': None, 'order_timestamp': 1731512782000, 'timestamp': 1731512782667, 'stream_type': 'REALTIME'}
[00:46:23.412][19]업빗1111111111111매수신청 완료(a7559bb5-7df9-49c3-bdf3-2d4f90374ddf), mode:1, result:{'uuid': 'a7559bb5-7df9-49c3-bdf3-2d4f90374ddf', 'side': 'bid', 'ord_type': 'limit', 'price': '1000', 'state': 'wait', 'market': 'KRW-XRP', 'created_at': '2024-11-14T00:46:23+09:00', 'volume': '852.63', 'remaining_volume': '852.63', 'reserved_fee': '426.315', 'remaining_fee': '426.315', 'paid_fee': '0', 'locked': '853056.315', 'executed_volume': '0', 'trades_count': 0}
[00:46:23.441][19][up](BID) 주문상태:wait, {'type': 'myOrder', 'code': 'KRW-XRP', 'uuid': 'a7559bb5-7df9-49c3-bdf3-2d4f90374ddf', 'ask_bid': 'BID', 'order_type': 'limit', 'state': 'wait', 'trade_uuid': None, 'price': 1000, 'avg_price': 0, 'volume': 852.63, 'remaining_volume': 852.63, 'executed_volume': 0, 'trades_count': 0, 'reserved_fee': 426.315, 'remaining_fee': 426.315, 'paid_fee': 0, 'locked': 853056.315, 'executed_funds': 0, 'time_in_force': None, 'trade_timestamp': None, 'order_timestamp': 1731512783000, 'timestamp': 1731512783431, 'stream_type': 'REALTIME'}
[00:46:23.445][19]up22222222222222222 매수대기 (a7559bb5-7df9-49c3-bdf3-2d4f90374ddf),{'type': 'myOrder', 'code': 'KRW-XRP', 'uuid': 'a7559bb5-7df9-49c3-bdf3-2d4f90374ddf', 'ask_bid': 'BID', 'order_type': 'limit', 'state': 'wait', 'trade_uuid': None, 'price': 1000, 'avg_price': 0, 'volume': 852.63, 'remaining_volume': 852.63, 'executed_volume': 0, 'trades_count': 0, 'reserved_fee': 426.315, 'remaining_fee': 426.315, 'paid_fee': 0, 'locked': 853056.315, 'executed_funds': 0, 'time_in_force': None, 'trade_timestamp': None, 'order_timestamp': 1731512783000, 'timestamp': 1731512783431, 'stream_type': 'REALTIME'}
[00:46:24.041][19]업빗탈출신청(a7559bb5-7df9-49c3-bdf3-2d4f90374ddf) mode:1, 최종적으로 수량 부족으로 탈출. 빗썸매수2차익:0.0, BitToUp:0.7, UpToBit:0.7, 남은매수/신청매수:852.63/852.63, buy_amount:-2328.0337, get_total_units:5000.0, up_buy1_amount:2671.9663, up_buy2_amount:18366.4827
[00:46:24.041][18]업빗탈출신청(5e331a0c-0edf-4274-8599-aafd606ec4e5) mode:1, 최종적으로 수량 부족으로 탈출. 빗썸매수2차익:0.0, BitToUp:0.7, UpToBit:0.7, 남은매수/신청매수:5000.0/5000.0, buy_amount:2671.9663, get_total_units:0, up_buy1_amount:2671.9663, up_buy2_amount:18366.4827
[00:46:24.184][18]업빗탈출신청결과(5e331a0c-0edf-4274-8599-aafd606ec4e5) status_code:200 , {'uuid': '5e331a0c-0edf-4274-8599-aafd606ec4e5', 'side': 'bid', 'ord_type': 'limit', 'price': '1000', 'state': 'wait', 'market': 'KRW-XRP', 'created_at': '2024-11-14T00:46:22+09:00', 'volume': '5000', 'remaining_volume': '5000', 'reserved_fee': '2500', 'remaining_fee': '2500', 'paid_fee': '0', 'locked': '5002500', 'executed_volume': '0', 'trades_count': 0}
[00:46:24.188][19]업빗탈출신청결과(a7559bb5-7df9-49c3-bdf3-2d4f90374ddf) status_code:200 , {'uuid': 'a7559bb5-7df9-49c3-bdf3-2d4f90374ddf', 'side': 'bid', 'ord_type': 'limit', 'price': '1000', 'state': 'wait', 'market': 'KRW-XRP', 'created_at': '2024-11-14T00:46:23+09:00', 'volume': '852.63', 'remaining_volume': '852.63', 'reserved_fee': '426.315', 'remaining_fee': '426.315', 'paid_fee': '0', 'locked': '853056.315', 'executed_volume': '0', 'trades_count': 0}
[00:46:24.240][19]업빗탈출신청(a7559bb5-7df9-49c3-bdf3-2d4f90374ddf) mode:1, 최종적으로 수량 부족으로 탈출. 빗썸매수2차익:0.0, BitToUp:0.7, UpToBit:0.7, 남은매수/신청매수:852.63/852.63, buy_amount:-2328.0337, get_total_units:5000.0, up_buy1_amount:2671.9663, up_buy2_amount:18366.4827
[00:46:24.240][18]업빗탈출신청(5e331a0c-0edf-4274-8599-aafd606ec4e5) mode:1, 최종적으로 수량 부족으로 탈출. 빗썸매수2차익:0.0, BitToUp:0.7, UpToBit:0.7, 남은매수/신청매수:5000.0/5000.0, buy_amount:2671.9663, get_total_units:0, up_buy1_amount:2671.9663, up_buy2_amount:18366.4827
[00:46:24.253][18][up](BID) 주문상태:cancel, {'type': 'myOrder', 'code': 'KRW-XRP', 'uuid': '5e331a0c-0edf-4274-8599-aafd606ec4e5', 'ask_bid': 'BID', 'order_type': 'limit', 'state': 'cancel', 'trade_uuid': None, 'price': 1000, 'avg_price': 0, 'volume': 5000, 'remaining_volume': 5000, 'executed_volume': 0, 'trades_count': 0, 'reserved_fee': 2500, 'remaining_fee': 2500, 'paid_fee': 0, 'locked': 5002500, 'executed_funds': 0, 'time_in_force': None, 'trade_timestamp': None, 'order_timestamp': 1731512782000, 'timestamp': 1731512784233, 'stream_type': 'REALTIME'}
[00:46:24.253][18]up33333333333333333 매수취소(5e331a0c-0edf-4274-8599-aafd606ec4e5), {'type': 'myOrder', 'code': 'KRW-XRP', 'uuid': '5e331a0c-0edf-4274-8599-aafd606ec4e5', 'ask_bid': 'BID', 'order_type': 'limit', 'state': 'cancel', 'trade_uuid': None, 'price': 1000, 'avg_price': 0, 'volume': 5000, 'remaining_volume': 5000, 'executed_volume': 0, 'trades_count': 0, 'reserved_fee': 2500, 'remaining_fee': 2500, 'paid_fee': 0, 'locked': 5002500, 'executed_funds': 0, 'time_in_force': None, 'trade_timestamp': None, 'order_timestamp': 1731512782000, 'timestamp': 1731512784233, 'stream_type': 'REALTIME'}
[00:46:24.253][18]up 4444444444444 쓰레드 정리 isclear isClear(5e331a0c-0edf-4274-8599-aafd606ec4e5), 남은양:5000.0, {'type': 'myOrder', 'code': 'KRW-XRP', 'uuid': '5e331a0c-0edf-4274-8599-aafd606ec4e5', 'ask_bid': 'BID', 'order_type': 'limit', 'state': 'cancel', 'trade_uuid': None, 'price': 1000, 'avg_price': 0, 'volume': 5000, 'remaining_volume': 5000, 'executed_volume': 0, 'trades_count': 0, 'reserved_fee': 2500, 'remaining_fee': 2500, 'paid_fee': 0, 'locked': 5002500, 'executed_funds': 0, 'time_in_force': None, 'trade_timestamp': None, 'order_timestamp': 1731512782000, 'timestamp': 1731512784233, 'stream_type': 'REALTIME'}
[00:46:24.254][MyApi]stop_threads 시작 5e331a0c-0edf-4274-8599-aafd606ec4e5
[00:46:24.276][19][up](BID) 주문상태:cancel, {'type': 'myOrder', 'code': 'KRW-XRP', 'uuid': 'a7559bb5-7df9-49c3-bdf3-2d4f90374ddf', 'ask_bid': 'BID', 'order_type': 'limit', 'state': 'cancel', 'trade_uuid': None, 'price': 1000, 'avg_price': 0, 'volume': 852.63, 'remaining_volume': 852.63, 'executed_volume': 0, 'trades_count': 0, 'reserved_fee': 426.315, 'remaining_fee': 426.315, 'paid_fee': 0, 'locked': 853056.315, 'executed_funds': 0, 'time_in_force': None, 'trade_timestamp': None, 'order_timestamp': 1731512783000, 'timestamp': 1731512784257, 'stream_type': 'REALTIME'}
[00:46:24.276][19]up33333333333333333 매수취소(a7559bb5-7df9-49c3-bdf3-2d4f90374ddf), {'type': 'myOrder', 'code': 'KRW-XRP', 'uuid': 'a7559bb5-7df9-49c3-bdf3-2d4f90374ddf', 'ask_bid': 'BID', 'order_type': 'limit', 'state': 'cancel', 'trade_uuid': None, 'price': 1000, 'avg_price': 0, 'volume': 852.63, 'remaining_volume': 852.63, 'executed_volume': 0, 'trades_count': 0, 'reserved_fee': 426.315, 'remaining_fee': 426.315, 'paid_fee': 0, 'locked': 853056.315, 'executed_funds': 0, 'time_in_force': None, 'trade_timestamp': None, 'order_timestamp': 1731512783000, 'timestamp': 1731512784257, 'stream_type': 'REALTIME'}
[00:46:24.276][19]up 4444444444444 쓰레드 정리 isclear isClear(a7559bb5-7df9-49c3-bdf3-2d4f90374ddf), 남은양:852.63, {'type': 'myOrder', 'code': 'KRW-XRP', 'uuid': 'a7559bb5-7df9-49c3-bdf3-2d4f90374ddf', 'ask_bid': 'BID', 'order_type': 'limit', 'state': 'cancel', 'trade_uuid': None, 'price': 1000, 'avg_price': 0, 'volume': 852.63, 'remaining_volume': 852.63, 'executed_volume': 0, 'trades_count': 0, 'reserved_fee': 426.315, 'remaining_fee': 426.315, 'paid_fee': 0, 'locked': 853056.315, 'executed_funds': 0, 'time_in_force': None, 'trade_timestamp': None, 'order_timestamp': 1731512783000, 'timestamp': 1731512784257, 'stream_type': 'REALTIME'}
[00:46:24.277][MyApi]stop_threads 시작 a7559bb5-7df9-49c3-bdf3-2d4f90374ddf
[00:46:24.443][18]업빗탈출신청결과(5e331a0c-0edf-4274-8599-aafd606ec4e5) status_code:400 , {'error': {'message': '이미 취소된 주문입니다.', 'name': 'canceled_order'}}
[00:46:24.450]업빗 [18][MyApi]쓰레드 종료
[00:46:24.450][18] 666666666666666 [MyApi]stop_threads 종료 5e331a0c-0edf-4274-8599-aafd606ec4e5
[00:46:24.497][19]업빗탈출신청결과(a7559bb5-7df9-49c3-bdf3-2d4f90374ddf) status_code:400 , {'error': {'message': '이미 취소된 주문입니다.', 'name': 'canceled_order'}}
[00:46:24.501]업빗 [19][MyApi]쓰레드 종료
[00:46:24.504][19] 666666666666666 [MyApi]stop_threads 종료 a7559bb5-7df9-49c3-bdf3-2d4f90374ddf
[00:46:26.576][20]업빗1111111111111매수신청 완료(84a2dfc2-7b9f-4b60-be0f-b741d02816e4), mode:1, result:{'uuid': '84a2dfc2-7b9f-4b60-be0f-b741d02816e4', 'side': 'bid', 'ord_type': 'limit', 'price': '1000', 'state': 'wait', 'market': 'KRW-XRP', 'created_at': '2024-11-14T00:46:26+09:00', 'volume': '5000', 'remaining_volume': '5000', 'reserved_fee': '2500', 'remaining_fee': '2500', 'paid_fee': '0', 'locked': '5002500', 'executed_volume': '0', 'trades_count': 0}
[00:46:26.612][20][up](BID) 주문상태:wait, {'type': 'myOrder', 'code': 'KRW-XRP', 'uuid': '84a2dfc2-7b9f-4b60-be0f-b741d02816e4', 'ask_bid': 'BID', 'order_type': 'limit', 'state': 'wait', 'trade_uuid': None, 'price': 1000, 'avg_price': 0, 'volume': 5000, 'remaining_volume': 5000, 'executed_volume': 0, 'trades_count': 0, 'reserved_fee': 2500, 'remaining_fee': 2500, 'paid_fee': 0, 'locked': 5002500, 'executed_funds': 0, 'time_in_force': None, 'trade_timestamp': None, 'order_timestamp': 1731512786000, 'timestamp': 1731512786602, 'stream_type': 'REALTIME'}
[00:46:26.613][20]up22222222222222222 매수대기 (84a2dfc2-7b9f-4b60-be0f-b741d02816e4),{'type': 'myOrder', 'code': 'KRW-XRP', 'uuid': '84a2dfc2-7b9f-4b60-be0f-b741d02816e4', 'ask_bid': 'BID', 'order_type': 'limit', 'state': 'wait', 'trade_uuid': None, 'price': 1000, 'avg_price': 0, 'volume': 5000, 'remaining_volume': 5000, 'executed_volume': 0, 'trades_count': 0, 'reserved_fee': 2500, 'remaining_fee': 2500, 'paid_fee': 0, 'locked': 5002500, 'executed_funds': 0, 'time_in_force': None, 'trade_timestamp': None, 'order_timestamp': 1731512786000, 'timestamp': 1731512786602, 'stream_type': 'REALTIME'}
[00:46:26.765][20]업빗탈출신청(84a2dfc2-7b9f-4b60-be0f-b741d02816e4) mode:1, 차익 부족0.0(0.7)
[00:46:26.861][20]업빗탈출신청결과(84a2dfc2-7b9f-4b60-be0f-b741d02816e4) status_code:200 , {'uuid': '84a2dfc2-7b9f-4b60-be0f-b741d02816e4', 'side': 'bid', 'ord_type': 'limit', 'price': '1000', 'state': 'wait', 'market': 'KRW-XRP', 'created_at': '2024-11-14T00:46:26+09:00', 'volume': '5000', 'remaining_volume': '5000', 'reserved_fee': '2500', 'remaining_fee': '2500', 'paid_fee': '0', 'locked': '5002500', 'executed_volume': '0', 'trades_count': 0}
[00:46:26.931][20][up](BID) 주문상태:cancel, {'type': 'myOrder', 'code': 'KRW-XRP', 'uuid': '84a2dfc2-7b9f-4b60-be0f-b741d02816e4', 'ask_bid': 'BID', 'order_type': 'limit', 'state': 'cancel', 'trade_uuid': None, 'price': 1000, 'avg_price': 0, 'volume': 5000, 'remaining_volume': 5000, 'executed_volume': 0, 'trades_count': 0, 'reserved_fee': 2500, 'remaining_fee': 2500, 'paid_fee': 0, 'locked': 5002500, 'executed_funds': 0, 'time_in_force': None, 'trade_timestamp': None, 'order_timestamp': 1731512786000, 'timestamp': 1731512786923, 'stream_type': 'REALTIME'}
[00:46:26.932][20]up33333333333333333 매수취소(84a2dfc2-7b9f-4b60-be0f-b741d02816e4), {'type': 'myOrder', 'code': 'KRW-XRP', 'uuid': '84a2dfc2-7b9f-4b60-be0f-b741d02816e4', 'ask_bid': 'BID', 'order_type': 'limit', 'state': 'cancel', 'trade_uuid': None, 'price': 1000, 'avg_price': 0, 'volume': 5000, 'remaining_volume': 5000, 'executed_volume': 0, 'trades_count': 0, 'reserved_fee': 2500, 'remaining_fee': 2500, 'paid_fee': 0, 'locked': 5002500, 'executed_funds': 0, 'time_in_force': None, 'trade_timestamp': None, 'order_timestamp': 1731512786000, 'timestamp': 1731512786923, 'stream_type': 'REALTIME'}
[00:46:26.932][20]up 4444444444444 쓰레드 정리 isclear isClear(84a2dfc2-7b9f-4b60-be0f-b741d02816e4), 남은양:5000.0, {'type': 'myOrder', 'code': 'KRW-XRP', 'uuid': '84a2dfc2-7b9f-4b60-be0f-b741d02816e4', 'ask_bid': 'BID', 'order_type': 'limit', 'state': 'cancel', 'trade_uuid': None, 'price': 1000, 'avg_price': 0, 'volume': 5000, 'remaining_volume': 5000, 'executed_volume': 0, 'trades_count': 0, 'reserved_fee': 2500, 'remaining_fee': 2500, 'paid_fee': 0, 'locked': 5002500, 'executed_funds': 0, 'time_in_force': None, 'trade_timestamp': None, 'order_timestamp': 1731512786000, 'timestamp': 1731512786923, 'stream_type': 'REALTIME'}
[00:46:26.933][MyApi]stop_threads 시작 84a2dfc2-7b9f-4b60-be0f-b741d02816e4
[00:46:26.935]업빗 [20][MyApi]쓰레드 종료
[00:46:26.935][20] 666666666666666 [MyApi]stop_threads 종료 84a2dfc2-7b9f-4b60-be0f-b741d02816e4
