SELECT * FROM public.member WHERE memid = 1
1
[2024-11-14 00:22:41.603]wsClass,init,BTG,bit
[2024-11-14 00:22:41.603]wsClass,init,BTG,up
[2024-11-14 00:22:41.633]wsClass,connected,BTG,up
[2024-11-14 00:22:41.645]wsPrivateClass,connected,BTG,up
[2024-11-14 00:22:41.785]wsPrivateClass,connected,BTG,bit
[2024-11-14 00:22:41.879]wsClass,connected,BTG,bit
[00:22:47.657][1]빗썸1111111111111매수신청 완료(C0111000000105207437), mode:1, result:{'uuid': 'C0111000000105207437', 'side': 'bid', 'ord_type': 'limit', 'price': '40580', 'state': 'wait', 'market': 'KRW-BTG', 'created_at': '2024-11-14T00:22:47+09:00', 'volume': '30.07139', 'remaining_volume': '30.07139', 'reserved_fee': '3050.7425155', 'remaining_fee': '3050.7425155', 'paid_fee': '0', 'locked': '1223348.7487155', 'executed_volume': '0', 'trades_count': 0}
[00:22:47.748][1][bit](BID) 주문상태:wait, {'type': 'myOrder', 'code': 'KRW-BTG', 'uuid': 'C0111000000105207437', 'ask_bid': 'BID', 'order_type': 'limit', 'state': 'wait', 'trade_uuid': None, 'price': 40580, 'volume': 30.07139, 'remaining_volume': 30.07139, 'executed_volume': 0, 'trades_count': 0, 'reserved_fee': 3050.7425155, 'remaining_fee': 3050.7425155, 'paid_fee': 0, 'executed_funds': 0, 'trade_timestamp': None, 'order_timestamp': 1731511367595, 'timestamp': 1731511367714, 'stream_type': 'REALTIME'}
[00:22:47.749][1]bit22222222222222222 매수대기 (C0111000000105207437),{'type': 'myOrder', 'code': 'KRW-BTG', 'uuid': 'C0111000000105207437', 'ask_bid': 'BID', 'order_type': 'limit', 'state': 'wait', 'trade_uuid': None, 'price': 40580, 'volume': 30.07139, 'remaining_volume': 30.07139, 'executed_volume': 0, 'trades_count': 0, 'reserved_fee': 3050.7425155, 'remaining_fee': 3050.7425155, 'paid_fee': 0, 'executed_funds': 0, 'trade_timestamp': None, 'order_timestamp': 1731511367595, 'timestamp': 1731511367714, 'stream_type': 'REALTIME'}
[00:22:48.446][1]빗썸탈출신청(C0111000000105207437) mode:1, 빗썸매수3까지 내려옴. 매수금액(40580.0), 매수2(40610.0)
[00:22:48.716][1]빗썸탈출신청결과(C0111000000105207437) status_code:200 , {'uuid': 'C0111000000105207437', 'side': 'bid', 'ord_type': 'limit', 'price': '40580', 'state': 'wait', 'market': 'KRW-BTG', 'created_at': '2024-11-14T00:22:47+09:00', 'volume': '30.07139', 'remaining_volume': '30.07139', 'reserved_fee': '3050.7425155', 'remaining_fee': '3050.7425155', 'paid_fee': '0', 'locked': '1223348.7487155', 'executed_volume': '0', 'trades_count': 0}
[00:22:48.798][1][bit](BID) 주문상태:cancel, {'type': 'myOrder', 'code': 'KRW-BTG', 'uuid': 'C0111000000105207437', 'ask_bid': 'BID', 'order_type': 'limit', 'state': 'cancel', 'trade_uuid': None, 'price': 40580, 'volume': 30.07139, 'remaining_volume': 30.07139, 'executed_volume': 0, 'trades_count': 0, 'reserved_fee': 3050.7425155, 'remaining_fee': 3050.7425155, 'paid_fee': 0, 'executed_funds': 0, 'trade_timestamp': None, 'order_timestamp': 1731511367595, 'timestamp': 1731511368755, 'stream_type': 'REALTIME'}
[00:22:48.798][1]bit33333333333333333 매수취소(C0111000000105207437), {'type': 'myOrder', 'code': 'KRW-BTG', 'uuid': 'C0111000000105207437', 'ask_bid': 'BID', 'order_type': 'limit', 'state': 'cancel', 'trade_uuid': None, 'price': 40580, 'volume': 30.07139, 'remaining_volume': 30.07139, 'executed_volume': 0, 'trades_count': 0, 'reserved_fee': 3050.7425155, 'remaining_fee': 3050.7425155, 'paid_fee': 0, 'executed_funds': 0, 'trade_timestamp': None, 'order_timestamp': 1731511367595, 'timestamp': 1731511368755, 'stream_type': 'REALTIME'}
[00:22:48.798][1]bit 4444444444444 쓰레드 정리 isclear isClear(C0111000000105207437), 남은양:30.07139, {'type': 'myOrder', 'code': 'KRW-BTG', 'uuid': 'C0111000000105207437', 'ask_bid': 'BID', 'order_type': 'limit', 'state': 'cancel', 'trade_uuid': None, 'price': 40580, 'volume': 30.07139, 'remaining_volume': 30.07139, 'executed_volume': 0, 'trades_count': 0, 'reserved_fee': 3050.7425155, 'remaining_fee': 3050.7425155, 'paid_fee': 0, 'executed_funds': 0, 'trade_timestamp': None, 'order_timestamp': 1731511367595, 'timestamp': 1731511368755, 'stream_type': 'REALTIME'}
[00:22:48.800][MyApi]stop_threads 시작 C0111000000105207437
[00:22:48.801]빗썸 [1][MyApi]쓰레드 종료
[00:22:48.802][1] 666666666666666 [MyApi]stop_threads 종료 C0111000000105207437
[00:23:00.685][2]빗썸1111111111111매수신청 완료(C0111000000105207611), mode:1, result:{'uuid': 'C0111000000105207611', 'side': 'bid', 'ord_type': 'limit', 'price': '40930', 'state': 'wait', 'market': 'KRW-BTG', 'created_at': '2024-11-14T00:23:00+09:00', 'volume': '45', 'remaining_volume': '45', 'reserved_fee': '4604.625', 'remaining_fee': '4604.625', 'paid_fee': '0', 'locked': '1846455.625', 'executed_volume': '0', 'trades_count': 0}
[00:23:00.802][2][bit](BID) 주문상태:wait, {'type': 'myOrder', 'code': 'KRW-BTG', 'uuid': 'C0111000000105207611', 'ask_bid': 'BID', 'order_type': 'limit', 'state': 'wait', 'trade_uuid': None, 'price': 40930, 'volume': 45, 'remaining_volume': 45, 'executed_volume': 0, 'trades_count': 0, 'reserved_fee': 4604.625, 'remaining_fee': 4604.625, 'paid_fee': 0, 'executed_funds': 0, 'trade_timestamp': None, 'order_timestamp': 1731511380595, 'timestamp': 1731511380759, 'stream_type': 'REALTIME'}
[00:23:00.804][2]bit22222222222222222 매수대기 (C0111000000105207611),{'type': 'myOrder', 'code': 'KRW-BTG', 'uuid': 'C0111000000105207611', 'ask_bid': 'BID', 'order_type': 'limit', 'state': 'wait', 'trade_uuid': None, 'price': 40930, 'volume': 45, 'remaining_volume': 45, 'executed_volume': 0, 'trades_count': 0, 'reserved_fee': 4604.625, 'remaining_fee': 4604.625, 'paid_fee': 0, 'executed_funds': 0, 'trade_timestamp': None, 'order_timestamp': 1731511380595, 'timestamp': 1731511380759, 'stream_type': 'REALTIME'}
[00:23:01.076][2]빗썸탈출신청(C0111000000105207611) mode:1, 빗썸매수3까지 내려옴. 매수금액(40930.0), 매수2(40970.0)
[00:23:01.287][2][bit](BID) 주문상태:trade, {'type': 'myOrder', 'code': 'KRW-BTG', 'uuid': 'C0111000000105207611', 'ask_bid': 'BID', 'order_type': 'limit', 'state': 'trade', 'trade_uuid': 'C0111000000014782552', 'price': 40930, 'volume': 13.2922758, 'remaining_volume': 31.7077242, 'executed_volume': 13.2922758, 'trades_count': 1, 'reserved_fee': 4604.625, 'remaining_fee': 4604.625, 'paid_fee': 0, 'executed_funds': 544052.848494, 'trade_timestamp': 1731511381092, 'order_timestamp': 1731511380595, 'timestamp': 1731511381253, 'stream_type': 'REALTIME'}
[00:23:01.288][2]bit33333333333333333 매수 부분매수(C0111000000105207611), {'type': 'myOrder', 'code': 'KRW-BTG', 'uuid': 'C0111000000105207611', 'ask_bid': 'BID', 'order_type': 'limit', 'state': 'trade', 'trade_uuid': 'C0111000000014782552', 'price': 40930, 'volume': 13.2922758, 'remaining_volume': 31.7077242, 'executed_volume': 13.2922758, 'trades_count': 1, 'reserved_fee': 4604.625, 'remaining_fee': 4604.625, 'paid_fee': 0, 'executed_funds': 544052.848494, 'trade_timestamp': 1731511381092, 'order_timestamp': 1731511380595, 'timestamp': 1731511381253, 'stream_type': 'REALTIME'}
[00:23:01.288][2]SellToMarket(up) 시작 (C0111000000105207611),{'type': 'myOrder', 'code': 'KRW-BTG', 'uuid': 'C0111000000105207611', 'ask_bid': 'BID', 'order_type': 'limit', 'state': 'trade', 'trade_uuid': 'C0111000000014782552', 'price': 40930, 'volume': 13.2922758, 'remaining_volume': 31.7077242, 'executed_volume': 13.2922758, 'trades_count': 1, 'reserved_fee': 4604.625, 'remaining_fee': 4604.625, 'paid_fee': 0, 'executed_funds': 544052.848494, 'trade_timestamp': 1731511381092, 'order_timestamp': 1731511380595, 'timestamp': 1731511381253, 'stream_type': 'REALTIME'}
[00:23:01.289][2]up매도직전 
[00:23:01.400][2]빗썸탈출신청결과(C0111000000105207611) status_code:200 , {'uuid': 'C0111000000105207611', 'side': 'bid', 'ord_type': 'limit', 'price': '40930', 'state': 'wait', 'market': 'KRW-BTG', 'created_at': '2024-11-14T00:23:00+09:00', 'volume': '45', 'remaining_volume': '31.7077242', 'reserved_fee': '4604.625', 'remaining_fee': '3244.492878765', 'paid_fee': '0', 'locked': '1301042.644384765', 'executed_volume': '13.2922758', 'trades_count': 1}
[00:23:01.431][2]up매도직후2 result:{'uuid': '254c405a-c878-4885-8bf2-8eb0eb3f3af0', 'side': 'ask', 'ord_type': 'market', 'state': 'wait', 'market': 'KRW-BTG', 'created_at': '2024-11-14T00:23:01+09:00', 'volume': '13.2922758', 'remaining_volume': '13.2922758', 'reserved_fee': '0', 'remaining_fee': '0', 'paid_fee': '0', 'locked': '13.2922758', 'executed_volume': '0', 'trades_count': 0} 
[00:23:01.432][2]up 555555555555555 매도신청 완료 (254c405a-c878-4885-8bf2-8eb0eb3f3af0),{'uuid': '254c405a-c878-4885-8bf2-8eb0eb3f3af0', 'side': 'ask', 'ord_type': 'market', 'state': 'wait', 'market': 'KRW-BTG', 'created_at': '2024-11-14T00:23:01+09:00', 'volume': '13.2922758', 'remaining_volume': '13.2922758', 'reserved_fee': '0', 'remaining_fee': '0', 'paid_fee': '0', 'locked': '13.2922758', 'executed_volume': '0', 'trades_count': 0}
[00:23:01.473][2][up](ASK) 주문상태:wait, {'type': 'myOrder', 'code': 'KRW-BTG', 'uuid': '254c405a-c878-4885-8bf2-8eb0eb3f3af0', 'ask_bid': 'ASK', 'order_type': 'market', 'state': 'wait', 'trade_uuid': None, 'price': None, 'avg_price': 0, 'volume': 13.2922758, 'remaining_volume': 13.2922758, 'executed_volume': 0, 'trades_count': 0, 'reserved_fee': 0, 'remaining_fee': 0, 'paid_fee': 0, 'locked': 13.2922758, 'executed_funds': 0, 'time_in_force': None, 'trade_timestamp': None, 'order_timestamp': 1731511381000, 'timestamp': 1731511381457, 'stream_type': 'REALTIME'}
[00:23:01.482][2][bit](BID) 주문상태:cancel, {'type': 'myOrder', 'code': 'KRW-BTG', 'uuid': 'C0111000000105207611', 'ask_bid': 'BID', 'order_type': 'limit', 'state': 'cancel', 'trade_uuid': None, 'price': 40930, 'volume': 45, 'remaining_volume': 31.7077242, 'executed_volume': 13.2922758, 'trades_count': 0, 'reserved_fee': 4604.625, 'remaining_fee': 3244.492878765, 'paid_fee': 1360.132121235, 'executed_funds': 0, 'trade_timestamp': None, 'order_timestamp': 1731511380595, 'timestamp': 1731511381449, 'stream_type': 'REALTIME'}
[00:23:01.482][2]bit33333333333333333 매수취소(C0111000000105207611), {'type': 'myOrder', 'code': 'KRW-BTG', 'uuid': 'C0111000000105207611', 'ask_bid': 'BID', 'order_type': 'limit', 'state': 'cancel', 'trade_uuid': None, 'price': 40930, 'volume': 45, 'remaining_volume': 31.7077242, 'executed_volume': 13.2922758, 'trades_count': 0, 'reserved_fee': 4604.625, 'remaining_fee': 3244.492878765, 'paid_fee': 1360.132121235, 'executed_funds': 0, 'trade_timestamp': None, 'order_timestamp': 1731511380595, 'timestamp': 1731511381449, 'stream_type': 'REALTIME'}
[00:23:01.482][2]bit 4444444444444 쓰레드 정리 isclear isClear(C0111000000105207611), 남은양:31.7077242, {'type': 'myOrder', 'code': 'KRW-BTG', 'uuid': 'C0111000000105207611', 'ask_bid': 'BID', 'order_type': 'limit', 'state': 'cancel', 'trade_uuid': None, 'price': 40930, 'volume': 45, 'remaining_volume': 31.7077242, 'executed_volume': 13.2922758, 'trades_count': 0, 'reserved_fee': 4604.625, 'remaining_fee': 3244.492878765, 'paid_fee': 1360.132121235, 'executed_funds': 0, 'trade_timestamp': None, 'order_timestamp': 1731511380595, 'timestamp': 1731511381449, 'stream_type': 'REALTIME'}
[00:23:01.483][MyApi]stop_threads 시작 C0111000000105207611
[00:23:01.486]빗썸 [2][MyApi]쓰레드 종료
[00:23:01.487][2] 666666666666666 [MyApi]stop_threads 종료 C0111000000105207611
[00:23:01.501][2][up](ASK) 주문상태:trade, {'type': 'myOrder', 'code': 'KRW-BTG', 'uuid': '254c405a-c878-4885-8bf2-8eb0eb3f3af0', 'ask_bid': 'ASK', 'order_type': 'market', 'state': 'trade', 'trade_uuid': '3d64a5eb-8086-408a-a5c8-36c00434ce2c', 'price': 41190, 'avg_price': 41169.405, 'volume': 13.2922758, 'remaining_volume': 0, 'executed_volume': 13.2922758, 'trades_count': 1, 'reserved_fee': 0, 'remaining_fee': 0, 'paid_fee': 273.754420101, 'locked': 0, 'executed_funds': 547508.840202, 'time_in_force': None, 'trade_timestamp': 1731511381428, 'order_timestamp': 1731511381000, 'timestamp': 1731511381486, 'stream_type': 'REALTIME'}
[00:23:01.502][2]up 77777777777 매도 완료 매수:C0111000000105207611, 매도:(254c405a-c878-4885-8bf2-8eb0eb3f3af0), {'type': 'myOrder', 'code': 'KRW-BTG', 'uuid': '254c405a-c878-4885-8bf2-8eb0eb3f3af0', 'ask_bid': 'ASK', 'order_type': 'market', 'state': 'trade', 'trade_uuid': '3d64a5eb-8086-408a-a5c8-36c00434ce2c', 'price': 41190, 'avg_price': 41169.405, 'volume': 13.2922758, 'remaining_volume': 0, 'executed_volume': 13.2922758, 'trades_count': 1, 'reserved_fee': 0, 'remaining_fee': 0, 'paid_fee': 273.754420101, 'locked': 0, 'executed_funds': 547508.840202, 'time_in_force': None, 'trade_timestamp': 1731511381428, 'order_timestamp': 1731511381000, 'timestamp': 1731511381486, 'stream_type': 'REALTIME'}
[00:23:01.503][2][up](ASK) 주문상태:done, {'type': 'myOrder', 'code': 'KRW-BTG', 'uuid': '254c405a-c878-4885-8bf2-8eb0eb3f3af0', 'ask_bid': 'ASK', 'order_type': 'market', 'state': 'done', 'trade_uuid': None, 'price': None, 'avg_price': 41169.405, 'volume': 13.2922758, 'remaining_volume': 0, 'executed_volume': 13.2922758, 'trades_count': 1, 'reserved_fee': 0, 'remaining_fee': 0, 'paid_fee': 273.754420101, 'locked': 0, 'executed_funds': 547508.840202, 'time_in_force': None, 'trade_timestamp': None, 'order_timestamp': 1731511381000, 'timestamp': 1731511381488, 'stream_type': 'REALTIME'}
[00:23:01.545]myOrder error:254c405a-c878-4885-8bf2-8eb0eb3f3af0, {'type': 'myOrder', 'code': 'KRW-BTG', 'uuid': '254c405a-c878-4885-8bf2-8eb0eb3f3af0', 'ask_bid': 'ASK', 'order_type': 'market', 'state': 'trade', 'trade_uuid': '3d64a5eb-8086-408a-a5c8-36c00434ce2c', 'price': 41190, 'avg_price': 41169.405, 'volume': 13.2922758, 'remaining_volume': 0, 'executed_volume': 13.2922758, 'trades_count': 1, 'reserved_fee': 0, 'remaining_fee': 0, 'paid_fee': 273.754420101, 'locked': 0, 'executed_funds': 547508.840202, 'time_in_force': None, 'trade_timestamp': 1731511381428, 'order_timestamp': 1731511381000, 'timestamp': 1731511381486, 'stream_type': 'REALTIME'}, e:Type(<class 'UnboundLocalError'>), Message(No message)
[00:23:02.501][3]빗썸1111111111111매수신청 완료(C0111000000105207663), mode:1, result:{'uuid': 'C0111000000105207663', 'side': 'bid', 'ord_type': 'limit', 'price': '41050', 'state': 'wait', 'market': 'KRW-BTG', 'created_at': '2024-11-14T00:23:02+09:00', 'volume': '45', 'remaining_volume': '45', 'reserved_fee': '4618.125', 'remaining_fee': '4618.125', 'paid_fee': '0', 'locked': '1851869.125', 'executed_volume': '0', 'trades_count': 0}
[00:23:02.642][3][bit](BID) 주문상태:wait, {'type': 'myOrder', 'code': 'KRW-BTG', 'uuid': 'C0111000000105207663', 'ask_bid': 'BID', 'order_type': 'limit', 'state': 'wait', 'trade_uuid': None, 'price': 41050, 'volume': 45, 'remaining_volume': 45, 'executed_volume': 0, 'trades_count': 0, 'reserved_fee': 4618.125, 'remaining_fee': 4618.125, 'paid_fee': 0, 'executed_funds': 0, 'trade_timestamp': None, 'order_timestamp': 1731511382442, 'timestamp': 1731511382604, 'stream_type': 'REALTIME'}
[00:23:02.644][3]bit22222222222222222 매수대기 (C0111000000105207663),{'type': 'myOrder', 'code': 'KRW-BTG', 'uuid': 'C0111000000105207663', 'ask_bid': 'BID', 'order_type': 'limit', 'state': 'wait', 'trade_uuid': None, 'price': 41050, 'volume': 45, 'remaining_volume': 45, 'executed_volume': 0, 'trades_count': 0, 'reserved_fee': 4618.125, 'remaining_fee': 4618.125, 'paid_fee': 0, 'executed_funds': 0, 'trade_timestamp': None, 'order_timestamp': 1731511382442, 'timestamp': 1731511382604, 'stream_type': 'REALTIME'}
[00:23:02.754][3]빗썸탈출신청(C0111000000105207663) mode:1, 빗썸매수3까지 내려옴. 매수금액(41050.0), 매수2(41150.0)
[00:23:03.007][3]빗썸탈출신청결과(C0111000000105207663) status_code:200 , {'uuid': 'C0111000000105207663', 'side': 'bid', 'ord_type': 'limit', 'price': '41050', 'state': 'wait', 'market': 'KRW-BTG', 'created_at': '2024-11-14T00:23:02+09:00', 'volume': '45', 'remaining_volume': '45', 'reserved_fee': '4618.125', 'remaining_fee': '4618.125', 'paid_fee': '0', 'locked': '1851869.125', 'executed_volume': '0', 'trades_count': 0}
[00:23:03.011][3]빗썸탈출신청(C0111000000105207663) mode:1, 빗썸매수3까지 내려옴. 매수금액(41050.0), 매수2(41150.0)
[00:23:03.148][3][bit](BID) 주문상태:cancel, {'type': 'myOrder', 'code': 'KRW-BTG', 'uuid': 'C0111000000105207663', 'ask_bid': 'BID', 'order_type': 'limit', 'state': 'cancel', 'trade_uuid': None, 'price': 41050, 'volume': 45, 'remaining_volume': 45, 'executed_volume': 0, 'trades_count': 0, 'reserved_fee': 4618.125, 'remaining_fee': 4618.125, 'paid_fee': 0, 'executed_funds': 0, 'trade_timestamp': None, 'order_timestamp': 1731511382442, 'timestamp': 1731511383109, 'stream_type': 'REALTIME'}
[00:23:03.148][3]bit33333333333333333 매수취소(C0111000000105207663), {'type': 'myOrder', 'code': 'KRW-BTG', 'uuid': 'C0111000000105207663', 'ask_bid': 'BID', 'order_type': 'limit', 'state': 'cancel', 'trade_uuid': None, 'price': 41050, 'volume': 45, 'remaining_volume': 45, 'executed_volume': 0, 'trades_count': 0, 'reserved_fee': 4618.125, 'remaining_fee': 4618.125, 'paid_fee': 0, 'executed_funds': 0, 'trade_timestamp': None, 'order_timestamp': 1731511382442, 'timestamp': 1731511383109, 'stream_type': 'REALTIME'}
[00:23:03.149][3]bit 4444444444444 쓰레드 정리 isclear isClear(C0111000000105207663), 남은양:45.0, {'type': 'myOrder', 'code': 'KRW-BTG', 'uuid': 'C0111000000105207663', 'ask_bid': 'BID', 'order_type': 'limit', 'state': 'cancel', 'trade_uuid': None, 'price': 41050, 'volume': 45, 'remaining_volume': 45, 'executed_volume': 0, 'trades_count': 0, 'reserved_fee': 4618.125, 'remaining_fee': 4618.125, 'paid_fee': 0, 'executed_funds': 0, 'trade_timestamp': None, 'order_timestamp': 1731511382442, 'timestamp': 1731511383109, 'stream_type': 'REALTIME'}
[00:23:03.150][MyApi]stop_threads 시작 C0111000000105207663
[00:23:03.213][3]빗썸탈출신청결과(C0111000000105207663) status_code:404 , {'error': {'name': 'order_not_found', 'message': '주문을 찾지 못했습니다.'}}
[00:23:03.217]빗썸 [3][MyApi]쓰레드 종료
[00:23:03.217][3] 666666666666666 [MyApi]stop_threads 종료 C0111000000105207663
[00:23:09.410][4]빗썸1111111111111매수신청 완료(C0111000000105207854), mode:1, result:{'uuid': 'C0111000000105207854', 'side': 'bid', 'ord_type': 'limit', 'price': '41560', 'state': 'wait', 'market': 'KRW-BTG', 'created_at': '2024-11-14T00:23:09+09:00', 'volume': '45', 'remaining_volume': '45', 'reserved_fee': '4675.5', 'remaining_fee': '4675.5', 'paid_fee': '0', 'locked': '1874876.5', 'executed_volume': '0', 'trades_count': 0}
[00:23:09.467][4]빗썸탈출신청(C0111000000105207854) mode:1, 빗썸매수3까지 내려옴. 매수금액(41560.0), 매수2(41570.0)
[00:23:09.540][4][bit](BID) 주문상태:wait, {'type': 'myOrder', 'code': 'KRW-BTG', 'uuid': 'C0111000000105207854', 'ask_bid': 'BID', 'order_type': 'limit', 'state': 'wait', 'trade_uuid': None, 'price': 41560, 'volume': 45, 'remaining_volume': 45, 'executed_volume': 0, 'trades_count': 0, 'reserved_fee': 4675.5, 'remaining_fee': 4675.5, 'paid_fee': 0, 'executed_funds': 0, 'trade_timestamp': None, 'order_timestamp': 1731511389339, 'timestamp': 1731511389506, 'stream_type': 'REALTIME'}
[00:23:09.542][4]bit22222222222222222 매수대기 (C0111000000105207854),{'type': 'myOrder', 'code': 'KRW-BTG', 'uuid': 'C0111000000105207854', 'ask_bid': 'BID', 'order_type': 'limit', 'state': 'wait', 'trade_uuid': None, 'price': 41560, 'volume': 45, 'remaining_volume': 45, 'executed_volume': 0, 'trades_count': 0, 'reserved_fee': 4675.5, 'remaining_fee': 4675.5, 'paid_fee': 0, 'executed_funds': 0, 'trade_timestamp': None, 'order_timestamp': 1731511389339, 'timestamp': 1731511389506, 'stream_type': 'REALTIME'}
[00:23:09.713][4]빗썸탈출신청결과(C0111000000105207854) status_code:200 , {'uuid': 'C0111000000105207854', 'side': 'bid', 'ord_type': 'limit', 'price': '41560', 'state': 'wait', 'market': 'KRW-BTG', 'created_at': '2024-11-14T00:23:09+09:00', 'volume': '45', 'remaining_volume': '45', 'reserved_fee': '4675.5', 'remaining_fee': '4675.5', 'paid_fee': '0', 'locked': '1874876.5', 'executed_volume': '0', 'trades_count': 0}
[00:23:09.812][4]빗썸탈출신청(C0111000000105207854) mode:1, 빗썸매수3까지 내려옴. 매수금액(41560.0), 매수2(41700.0)
[00:23:09.842][4][bit](BID) 주문상태:cancel, {'type': 'myOrder', 'code': 'KRW-BTG', 'uuid': 'C0111000000105207854', 'ask_bid': 'BID', 'order_type': 'limit', 'state': 'cancel', 'trade_uuid': None, 'price': 41560, 'volume': 45, 'remaining_volume': 45, 'executed_volume': 0, 'trades_count': 0, 'reserved_fee': 4675.5, 'remaining_fee': 4675.5, 'paid_fee': 0, 'executed_funds': 0, 'trade_timestamp': None, 'order_timestamp': 1731511389339, 'timestamp': 1731511389806, 'stream_type': 'REALTIME'}
[00:23:09.842][4]bit33333333333333333 매수취소(C0111000000105207854), {'type': 'myOrder', 'code': 'KRW-BTG', 'uuid': 'C0111000000105207854', 'ask_bid': 'BID', 'order_type': 'limit', 'state': 'cancel', 'trade_uuid': None, 'price': 41560, 'volume': 45, 'remaining_volume': 45, 'executed_volume': 0, 'trades_count': 0, 'reserved_fee': 4675.5, 'remaining_fee': 4675.5, 'paid_fee': 0, 'executed_funds': 0, 'trade_timestamp': None, 'order_timestamp': 1731511389339, 'timestamp': 1731511389806, 'stream_type': 'REALTIME'}
[00:23:09.842][4]bit 4444444444444 쓰레드 정리 isclear isClear(C0111000000105207854), 남은양:45.0, {'type': 'myOrder', 'code': 'KRW-BTG', 'uuid': 'C0111000000105207854', 'ask_bid': 'BID', 'order_type': 'limit', 'state': 'cancel', 'trade_uuid': None, 'price': 41560, 'volume': 45, 'remaining_volume': 45, 'executed_volume': 0, 'trades_count': 0, 'reserved_fee': 4675.5, 'remaining_fee': 4675.5, 'paid_fee': 0, 'executed_funds': 0, 'trade_timestamp': None, 'order_timestamp': 1731511389339, 'timestamp': 1731511389806, 'stream_type': 'REALTIME'}
[00:23:09.844][MyApi]stop_threads 시작 C0111000000105207854
[00:23:09.998][4]빗썸탈출신청결과(C0111000000105207854) status_code:404 , {'error': {'name': 'order_not_found', 'message': '주문을 찾지 못했습니다.'}}
[00:23:10.012]빗썸 [4][MyApi]쓰레드 종료
[00:23:10.013][4] 666666666666666 [MyApi]stop_threads 종료 C0111000000105207854
[00:23:14.491][5]빗썸1111111111111매수신청 완료(C0111000000105207975), mode:1, result:{'uuid': 'C0111000000105207975', 'side': 'bid', 'ord_type': 'limit', 'price': '41880', 'state': 'wait', 'market': 'KRW-BTG', 'created_at': '2024-11-14T00:23:14+09:00', 'volume': '45', 'remaining_volume': '45', 'reserved_fee': '4711.5', 'remaining_fee': '4711.5', 'paid_fee': '0', 'locked': '1889312.5', 'executed_volume': '0', 'trades_count': 0}
[00:23:14.502][5]빗썸탈출신청(C0111000000105207975) mode:1, 빗썸매수3까지 내려옴. 매수금액(41880.0), 매수2(41890.0)
[00:23:14.600][5][bit](BID) 주문상태:wait, {'type': 'myOrder', 'code': 'KRW-BTG', 'uuid': 'C0111000000105207975', 'ask_bid': 'BID', 'order_type': 'limit', 'state': 'wait', 'trade_uuid': None, 'price': 41880, 'volume': 45, 'remaining_volume': 45, 'executed_volume': 0, 'trades_count': 0, 'reserved_fee': 4711.5, 'remaining_fee': 4711.5, 'paid_fee': 0, 'executed_funds': 0, 'trade_timestamp': None, 'order_timestamp': 1731511394413, 'timestamp': 1731511394566, 'stream_type': 'REALTIME'}
[00:23:14.601][5]bit22222222222222222 매수대기 (C0111000000105207975),{'type': 'myOrder', 'code': 'KRW-BTG', 'uuid': 'C0111000000105207975', 'ask_bid': 'BID', 'order_type': 'limit', 'state': 'wait', 'trade_uuid': None, 'price': 41880, 'volume': 45, 'remaining_volume': 45, 'executed_volume': 0, 'trades_count': 0, 'reserved_fee': 4711.5, 'remaining_fee': 4711.5, 'paid_fee': 0, 'executed_funds': 0, 'trade_timestamp': None, 'order_timestamp': 1731511394413, 'timestamp': 1731511394566, 'stream_type': 'REALTIME'}
[00:23:14.785][5]빗썸탈출신청결과(C0111000000105207975) status_code:200 , {'uuid': 'C0111000000105207975', 'side': 'bid', 'ord_type': 'limit', 'price': '41880', 'state': 'wait', 'market': 'KRW-BTG', 'created_at': '2024-11-14T00:23:14+09:00', 'volume': '45', 'remaining_volume': '45', 'reserved_fee': '4711.5', 'remaining_fee': '4711.5', 'paid_fee': '0', 'locked': '1889312.5', 'executed_volume': '0', 'trades_count': 0}
[00:23:14.841][5][bit](BID) 주문상태:cancel, {'type': 'myOrder', 'code': 'KRW-BTG', 'uuid': 'C0111000000105207975', 'ask_bid': 'BID', 'order_type': 'limit', 'state': 'cancel', 'trade_uuid': None, 'price': 41880, 'volume': 45, 'remaining_volume': 45, 'executed_volume': 0, 'trades_count': 0, 'reserved_fee': 4711.5, 'remaining_fee': 4711.5, 'paid_fee': 0, 'executed_funds': 0, 'trade_timestamp': None, 'order_timestamp': 1731511394413, 'timestamp': 1731511394806, 'stream_type': 'REALTIME'}
[00:23:14.841][5]bit33333333333333333 매수취소(C0111000000105207975), {'type': 'myOrder', 'code': 'KRW-BTG', 'uuid': 'C0111000000105207975', 'ask_bid': 'BID', 'order_type': 'limit', 'state': 'cancel', 'trade_uuid': None, 'price': 41880, 'volume': 45, 'remaining_volume': 45, 'executed_volume': 0, 'trades_count': 0, 'reserved_fee': 4711.5, 'remaining_fee': 4711.5, 'paid_fee': 0, 'executed_funds': 0, 'trade_timestamp': None, 'order_timestamp': 1731511394413, 'timestamp': 1731511394806, 'stream_type': 'REALTIME'}
[00:23:14.841][5]bit 4444444444444 쓰레드 정리 isclear isClear(C0111000000105207975), 남은양:45.0, {'type': 'myOrder', 'code': 'KRW-BTG', 'uuid': 'C0111000000105207975', 'ask_bid': 'BID', 'order_type': 'limit', 'state': 'cancel', 'trade_uuid': None, 'price': 41880, 'volume': 45, 'remaining_volume': 45, 'executed_volume': 0, 'trades_count': 0, 'reserved_fee': 4711.5, 'remaining_fee': 4711.5, 'paid_fee': 0, 'executed_funds': 0, 'trade_timestamp': None, 'order_timestamp': 1731511394413, 'timestamp': 1731511394806, 'stream_type': 'REALTIME'}
[00:23:14.842][MyApi]stop_threads 시작 C0111000000105207975
[00:23:14.846]빗썸 [5][MyApi]쓰레드 종료
[00:23:14.846][5] 666666666666666 [MyApi]stop_threads 종료 C0111000000105207975
[00:23:34.453][6]업빗1111111111111매수신청 완료(ed01037e-feba-4cf5-9f81-5bd12ec584e8), mode:1, result:{'uuid': 'ed01037e-feba-4cf5-9f81-5bd12ec584e8', 'side': 'bid', 'ord_type': 'limit', 'price': '41940', 'state': 'wait', 'market': 'KRW-BTG', 'created_at': '2024-11-14T00:23:34+09:00', 'volume': '8.2135', 'remaining_volume': '8.2135', 'reserved_fee': '172.237095', 'remaining_fee': '172.237095', 'paid_fee': '0', 'locked': '344646.427095', 'executed_volume': '0', 'trades_count': 0}
[00:23:34.491][6][up](BID) 주문상태:wait, {'type': 'myOrder', 'code': 'KRW-BTG', 'uuid': 'ed01037e-feba-4cf5-9f81-5bd12ec584e8', 'ask_bid': 'BID', 'order_type': 'limit', 'state': 'wait', 'trade_uuid': None, 'price': 41940, 'avg_price': 0, 'volume': 8.2135, 'remaining_volume': 8.2135, 'executed_volume': 0, 'trades_count': 0, 'reserved_fee': 172.237095, 'remaining_fee': 172.237095, 'paid_fee': 0, 'locked': 344646.427095, 'executed_funds': 0, 'time_in_force': None, 'trade_timestamp': None, 'order_timestamp': 1731511414000, 'timestamp': 1731511414474, 'stream_type': 'REALTIME'}
[00:23:34.492][6]up22222222222222222 매수대기 (ed01037e-feba-4cf5-9f81-5bd12ec584e8),{'type': 'myOrder', 'code': 'KRW-BTG', 'uuid': 'ed01037e-feba-4cf5-9f81-5bd12ec584e8', 'ask_bid': 'BID', 'order_type': 'limit', 'state': 'wait', 'trade_uuid': None, 'price': 41940, 'avg_price': 0, 'volume': 8.2135, 'remaining_volume': 8.2135, 'executed_volume': 0, 'trades_count': 0, 'reserved_fee': 172.237095, 'remaining_fee': 172.237095, 'paid_fee': 0, 'locked': 344646.427095, 'executed_funds': 0, 'time_in_force': None, 'trade_timestamp': None, 'order_timestamp': 1731511414000, 'timestamp': 1731511414474, 'stream_type': 'REALTIME'}
[00:23:34.541][6][up](BID) 주문상태:trade, {'type': 'myOrder', 'code': 'KRW-BTG', 'uuid': 'ed01037e-feba-4cf5-9f81-5bd12ec584e8', 'ask_bid': 'BID', 'order_type': 'limit', 'state': 'trade', 'trade_uuid': '09c0ebe4-50e9-4b3f-a3f2-4ac8eac6d4bb', 'price': 41940, 'avg_price': 41960.97, 'volume': 8.2135, 'remaining_volume': 0, 'executed_volume': 8.2135, 'trades_count': 1, 'reserved_fee': 172.237095, 'remaining_fee': 0, 'paid_fee': 172.237095, 'locked': 0, 'executed_funds': 344474.19, 'time_in_force': None, 'trade_timestamp': 1731511414476, 'order_timestamp': 1731511414000, 'timestamp': 1731511414529, 'stream_type': 'REALTIME'}
[00:23:34.543][6][up](BID) 주문상태:done, {'type': 'myOrder', 'code': 'KRW-BTG', 'uuid': 'ed01037e-feba-4cf5-9f81-5bd12ec584e8', 'ask_bid': 'BID', 'order_type': 'limit', 'state': 'done', 'trade_uuid': None, 'price': 41940, 'avg_price': 41960.97, 'volume': 8.2135, 'remaining_volume': 0, 'executed_volume': 8.2135, 'trades_count': 1, 'reserved_fee': 172.237095, 'remaining_fee': 0, 'paid_fee': 172.237095, 'locked': 0, 'executed_funds': 344474.19, 'time_in_force': None, 'trade_timestamp': None, 'order_timestamp': 1731511414000, 'timestamp': 1731511414530, 'stream_type': 'REALTIME'}
[00:23:34.545][6]up33333333333333333 매수 부분매수(ed01037e-feba-4cf5-9f81-5bd12ec584e8), {'type': 'myOrder', 'code': 'KRW-BTG', 'uuid': 'ed01037e-feba-4cf5-9f81-5bd12ec584e8', 'ask_bid': 'BID', 'order_type': 'limit', 'state': 'trade', 'trade_uuid': '09c0ebe4-50e9-4b3f-a3f2-4ac8eac6d4bb', 'price': 41940, 'avg_price': 41960.97, 'volume': 8.2135, 'remaining_volume': 0, 'executed_volume': 8.2135, 'trades_count': 1, 'reserved_fee': 172.237095, 'remaining_fee': 0, 'paid_fee': 172.237095, 'locked': 0, 'executed_funds': 344474.19, 'time_in_force': None, 'trade_timestamp': 1731511414476, 'order_timestamp': 1731511414000, 'timestamp': 1731511414529, 'stream_type': 'REALTIME'}
[00:23:34.545][6]SellToMarket(bit) 시작 (ed01037e-feba-4cf5-9f81-5bd12ec584e8),{'type': 'myOrder', 'code': 'KRW-BTG', 'uuid': 'ed01037e-feba-4cf5-9f81-5bd12ec584e8', 'ask_bid': 'BID', 'order_type': 'limit', 'state': 'trade', 'trade_uuid': '09c0ebe4-50e9-4b3f-a3f2-4ac8eac6d4bb', 'price': 41940, 'avg_price': 41960.97, 'volume': 8.2135, 'remaining_volume': 0, 'executed_volume': 8.2135, 'trades_count': 1, 'reserved_fee': 172.237095, 'remaining_fee': 0, 'paid_fee': 172.237095, 'locked': 0, 'executed_funds': 344474.19, 'time_in_force': None, 'trade_timestamp': 1731511414476, 'order_timestamp': 1731511414000, 'timestamp': 1731511414529, 'stream_type': 'REALTIME'}
[00:23:34.546][6]업빗탈출신청(ed01037e-feba-4cf5-9f81-5bd12ec584e8) mode:1, 매수하고 남은 양이 너무 적음. 매수되버리면 짜투리 됨 0.0
[00:23:34.547][6]up업빗 done이므로 무시.(ed01037e-feba-4cf5-9f81-5bd12ec584e8), 체결량:8.2135, {'type': 'myOrder', 'code': 'KRW-BTG', 'uuid': 'ed01037e-feba-4cf5-9f81-5bd12ec584e8', 'ask_bid': 'BID', 'order_type': 'limit', 'state': 'done', 'trade_uuid': None, 'price': 41940, 'avg_price': 41960.97, 'volume': 8.2135, 'remaining_volume': 0, 'executed_volume': 8.2135, 'trades_count': 1, 'reserved_fee': 172.237095, 'remaining_fee': 0, 'paid_fee': 172.237095, 'locked': 0, 'executed_funds': 344474.19, 'time_in_force': None, 'trade_timestamp': None, 'order_timestamp': 1731511414000, 'timestamp': 1731511414530, 'stream_type': 'REALTIME'}
[00:23:34.548][6]bit매도직전 
[00:23:34.694][6]업빗탈출신청결과(ed01037e-feba-4cf5-9f81-5bd12ec584e8) status_code:400 , {'error': {'name': 'done_order', 'message': '이미 체결된 주문입니다.'}}
[00:23:34.711][6]업빗탈출신청(ed01037e-feba-4cf5-9f81-5bd12ec584e8) mode:1, 매수하고 남은 양이 너무 적음. 매수되버리면 짜투리 됨 0.0
[00:23:34.806][6]업빗탈출신청결과(ed01037e-feba-4cf5-9f81-5bd12ec584e8) status_code:400 , {'error': {'message': '이미 체결된 주문입니다.', 'name': 'done_order'}}
[00:23:34.844][6]bit매도직후2 result:{'uuid': 'C0111000000105208421', 'side': 'ask', 'ord_type': 'market', 'state': 'wait', 'market': 'KRW-BTG', 'created_at': '2024-11-14T00:23:34+09:00', 'volume': '8.2135', 'remaining_volume': '8.2135', 'reserved_fee': '0', 'remaining_fee': '0', 'paid_fee': '0', 'locked': '8.2135', 'executed_volume': '0', 'trades_count': 0} 
[00:23:34.844][6]bit 555555555555555 매도신청 완료 (C0111000000105208421),{'uuid': 'C0111000000105208421', 'side': 'ask', 'ord_type': 'market', 'state': 'wait', 'market': 'KRW-BTG', 'created_at': '2024-11-14T00:23:34+09:00', 'volume': '8.2135', 'remaining_volume': '8.2135', 'reserved_fee': '0', 'remaining_fee': '0', 'paid_fee': '0', 'locked': '8.2135', 'executed_volume': '0', 'trades_count': 0}
[00:23:34.846][6]up 4444444444444 쓰레드 정리 isclear isClear(ed01037e-feba-4cf5-9f81-5bd12ec584e8), 남은양:0.0, {'type': 'myOrder', 'code': 'KRW-BTG', 'uuid': 'ed01037e-feba-4cf5-9f81-5bd12ec584e8', 'ask_bid': 'BID', 'order_type': 'limit', 'state': 'trade', 'trade_uuid': '09c0ebe4-50e9-4b3f-a3f2-4ac8eac6d4bb', 'price': 41940, 'avg_price': 41960.97, 'volume': 8.2135, 'remaining_volume': 0, 'executed_volume': 8.2135, 'trades_count': 1, 'reserved_fee': 172.237095, 'remaining_fee': 0, 'paid_fee': 172.237095, 'locked': 0, 'executed_funds': 344474.19, 'time_in_force': None, 'trade_timestamp': 1731511414476, 'order_timestamp': 1731511414000, 'timestamp': 1731511414529, 'stream_type': 'REALTIME'}
[00:23:34.847][MyApi]stop_threads 시작 ed01037e-feba-4cf5-9f81-5bd12ec584e8
[00:23:34.848]업빗 [6][MyApi]쓰레드 종료
[00:23:34.849][6] 666666666666666 [MyApi]stop_threads 종료 ed01037e-feba-4cf5-9f81-5bd12ec584e8
[00:23:35.095][6][bit](ASK) 주문상태:done, {'type': 'myOrder', 'code': 'KRW-BTG', 'uuid': 'C0111000000105208421', 'ask_bid': 'ASK', 'order_type': 'market', 'state': 'done', 'trade_uuid': 'C0111000000014783135', 'price': 42000, 'volume': 8.2135, 'remaining_volume': 0, 'executed_volume': 8.2135, 'trades_count': 2, 'reserved_fee': 0, 'remaining_fee': 0, 'paid_fee': 0, 'executed_funds': 344967.0, 'trade_timestamp': 1731511414786, 'order_timestamp': 1731511414772, 'timestamp': 1731511415062, 'stream_type': 'REALTIME'}
[00:23:35.095][6]bit 77777777777 매도 완료 매수:ed01037e-feba-4cf5-9f81-5bd12ec584e8, 매도:(C0111000000105208421), {'type': 'myOrder', 'code': 'KRW-BTG', 'uuid': 'C0111000000105208421', 'ask_bid': 'ASK', 'order_type': 'market', 'state': 'done', 'trade_uuid': 'C0111000000014783135', 'price': 42000, 'volume': 8.2135, 'remaining_volume': 0, 'executed_volume': 8.2135, 'trades_count': 2, 'reserved_fee': 0, 'remaining_fee': 0, 'paid_fee': 0, 'executed_funds': 344967.0, 'trade_timestamp': 1731511414786, 'order_timestamp': 1731511414772, 'timestamp': 1731511415062, 'stream_type': 'REALTIME'}
[00:23:35.374][7]업빗1111111111111매수신청 완료(861ed147-78ba-4477-a2f3-9fb41475d1b2), mode:1, result:{'uuid': '861ed147-78ba-4477-a2f3-9fb41475d1b2', 'side': 'bid', 'ord_type': 'limit', 'price': '41770', 'state': 'wait', 'market': 'KRW-BTG', 'created_at': '2024-11-14T00:23:35+09:00', 'volume': '26.06', 'remaining_volume': '26.06', 'reserved_fee': '544.2631', 'remaining_fee': '544.2631', 'paid_fee': '0', 'locked': '1089070.4631', 'executed_volume': '0', 'trades_count': 0}
[00:23:35.411][7]업빗탈출신청(861ed147-78ba-4477-a2f3-9fb41475d1b2) mode:1, 업빗매수3까지 내려옴. 매수금액(41770.0), 매수2(41780.0)
[00:23:35.411][7][up](BID) 주문상태:wait, {'type': 'myOrder', 'code': 'KRW-BTG', 'uuid': '861ed147-78ba-4477-a2f3-9fb41475d1b2', 'ask_bid': 'BID', 'order_type': 'limit', 'state': 'wait', 'trade_uuid': None, 'price': 41770, 'avg_price': 0, 'volume': 26.06, 'remaining_volume': 26.06, 'executed_volume': 0, 'trades_count': 0, 'reserved_fee': 544.2631, 'remaining_fee': 544.2631, 'paid_fee': 0, 'locked': 1089070.4631, 'executed_funds': 0, 'time_in_force': None, 'trade_timestamp': None, 'order_timestamp': 1731511415000, 'timestamp': 1731511415394, 'stream_type': 'REALTIME'}
[00:23:35.418][7]up22222222222222222 매수대기 (861ed147-78ba-4477-a2f3-9fb41475d1b2),{'type': 'myOrder', 'code': 'KRW-BTG', 'uuid': '861ed147-78ba-4477-a2f3-9fb41475d1b2', 'ask_bid': 'BID', 'order_type': 'limit', 'state': 'wait', 'trade_uuid': None, 'price': 41770, 'avg_price': 0, 'volume': 26.06, 'remaining_volume': 26.06, 'executed_volume': 0, 'trades_count': 0, 'reserved_fee': 544.2631, 'remaining_fee': 544.2631, 'paid_fee': 0, 'locked': 1089070.4631, 'executed_funds': 0, 'time_in_force': None, 'trade_timestamp': None, 'order_timestamp': 1731511415000, 'timestamp': 1731511415394, 'stream_type': 'REALTIME'}
[00:23:35.512][7]업빗탈출신청결과(861ed147-78ba-4477-a2f3-9fb41475d1b2) status_code:200 , {'uuid': '861ed147-78ba-4477-a2f3-9fb41475d1b2', 'side': 'bid', 'ord_type': 'limit', 'price': '41770', 'state': 'wait', 'market': 'KRW-BTG', 'created_at': '2024-11-14T00:23:35+09:00', 'volume': '26.06', 'remaining_volume': '26.06', 'reserved_fee': '544.2631', 'remaining_fee': '544.2631', 'paid_fee': '0', 'locked': '1089070.4631', 'executed_volume': '0', 'trades_count': 0}
[00:23:35.581][7][up](BID) 주문상태:cancel, {'type': 'myOrder', 'code': 'KRW-BTG', 'uuid': '861ed147-78ba-4477-a2f3-9fb41475d1b2', 'ask_bid': 'BID', 'order_type': 'limit', 'state': 'cancel', 'trade_uuid': None, 'price': 41770, 'avg_price': 0, 'volume': 26.06, 'remaining_volume': 26.06, 'executed_volume': 0, 'trades_count': 0, 'reserved_fee': 544.2631, 'remaining_fee': 544.2631, 'paid_fee': 0, 'locked': 1089070.4631, 'executed_funds': 0, 'time_in_force': None, 'trade_timestamp': None, 'order_timestamp': 1731511415000, 'timestamp': 1731511415569, 'stream_type': 'REALTIME'}
[00:23:35.581][7]up33333333333333333 매수취소(861ed147-78ba-4477-a2f3-9fb41475d1b2), {'type': 'myOrder', 'code': 'KRW-BTG', 'uuid': '861ed147-78ba-4477-a2f3-9fb41475d1b2', 'ask_bid': 'BID', 'order_type': 'limit', 'state': 'cancel', 'trade_uuid': None, 'price': 41770, 'avg_price': 0, 'volume': 26.06, 'remaining_volume': 26.06, 'executed_volume': 0, 'trades_count': 0, 'reserved_fee': 544.2631, 'remaining_fee': 544.2631, 'paid_fee': 0, 'locked': 1089070.4631, 'executed_funds': 0, 'time_in_force': None, 'trade_timestamp': None, 'order_timestamp': 1731511415000, 'timestamp': 1731511415569, 'stream_type': 'REALTIME'}
[00:23:35.581][7]up 4444444444444 쓰레드 정리 isclear isClear(861ed147-78ba-4477-a2f3-9fb41475d1b2), 남은양:26.06, {'type': 'myOrder', 'code': 'KRW-BTG', 'uuid': '861ed147-78ba-4477-a2f3-9fb41475d1b2', 'ask_bid': 'BID', 'order_type': 'limit', 'state': 'cancel', 'trade_uuid': None, 'price': 41770, 'avg_price': 0, 'volume': 26.06, 'remaining_volume': 26.06, 'executed_volume': 0, 'trades_count': 0, 'reserved_fee': 544.2631, 'remaining_fee': 544.2631, 'paid_fee': 0, 'locked': 1089070.4631, 'executed_funds': 0, 'time_in_force': None, 'trade_timestamp': None, 'order_timestamp': 1731511415000, 'timestamp': 1731511415569, 'stream_type': 'REALTIME'}
[00:23:35.582][MyApi]stop_threads 시작 861ed147-78ba-4477-a2f3-9fb41475d1b2
[00:23:35.583]업빗 [7][MyApi]쓰레드 종료
[00:23:35.584][7] 666666666666666 [MyApi]stop_threads 종료 861ed147-78ba-4477-a2f3-9fb41475d1b2
[00:23:38.448][8]빗썸1111111111111매수신청 완료(C0111000000105208543), mode:1, result:{'uuid': 'C0111000000105208543', 'side': 'bid', 'ord_type': 'limit', 'price': '41400', 'state': 'wait', 'market': 'KRW-BTG', 'created_at': '2024-11-14T00:23:38+09:00', 'volume': '45', 'remaining_volume': '45', 'reserved_fee': '4657.5', 'remaining_fee': '4657.5', 'paid_fee': '0', 'locked': '1867658.5', 'executed_volume': '0', 'trades_count': 0}
[00:23:38.454][8]빗썸탈출신청(C0111000000105208543) mode:1, 빗썸매수3까지 내려옴. 매수금액(41400.0), 매수2(41410.0)
[00:23:38.534][8][bit](BID) 주문상태:wait, {'type': 'myOrder', 'code': 'KRW-BTG', 'uuid': 'C0111000000105208543', 'ask_bid': 'BID', 'order_type': 'limit', 'state': 'wait', 'trade_uuid': None, 'price': 41400, 'volume': 45, 'remaining_volume': 45, 'executed_volume': 0, 'trades_count': 0, 'reserved_fee': 4657.5, 'remaining_fee': 4657.5, 'paid_fee': 0, 'executed_funds': 0, 'trade_timestamp': None, 'order_timestamp': 1731511418365, 'timestamp': 1731511418500, 'stream_type': 'REALTIME'}
[00:23:38.536][8]bit22222222222222222 매수대기 (C0111000000105208543),{'type': 'myOrder', 'code': 'KRW-BTG', 'uuid': 'C0111000000105208543', 'ask_bid': 'BID', 'order_type': 'limit', 'state': 'wait', 'trade_uuid': None, 'price': 41400, 'volume': 45, 'remaining_volume': 45, 'executed_volume': 0, 'trades_count': 0, 'reserved_fee': 4657.5, 'remaining_fee': 4657.5, 'paid_fee': 0, 'executed_funds': 0, 'trade_timestamp': None, 'order_timestamp': 1731511418365, 'timestamp': 1731511418500, 'stream_type': 'REALTIME'}
[00:23:38.723][8]빗썸탈출신청결과(C0111000000105208543) status_code:200 , {'uuid': 'C0111000000105208543', 'side': 'bid', 'ord_type': 'limit', 'price': '41400', 'state': 'wait', 'market': 'KRW-BTG', 'created_at': '2024-11-14T00:23:38+09:00', 'volume': '45', 'remaining_volume': '45', 'reserved_fee': '4657.5', 'remaining_fee': '4657.5', 'paid_fee': '0', 'locked': '1867658.5', 'executed_volume': '0', 'trades_count': 0}
[00:23:38.848][8][bit](BID) 주문상태:cancel, {'type': 'myOrder', 'code': 'KRW-BTG', 'uuid': 'C0111000000105208543', 'ask_bid': 'BID', 'order_type': 'limit', 'state': 'cancel', 'trade_uuid': None, 'price': 41400, 'volume': 45, 'remaining_volume': 45, 'executed_volume': 0, 'trades_count': 0, 'reserved_fee': 4657.5, 'remaining_fee': 4657.5, 'paid_fee': 0, 'executed_funds': 0, 'trade_timestamp': None, 'order_timestamp': 1731511418365, 'timestamp': 1731511418812, 'stream_type': 'REALTIME'}
[00:23:38.848][8]bit33333333333333333 매수취소(C0111000000105208543), {'type': 'myOrder', 'code': 'KRW-BTG', 'uuid': 'C0111000000105208543', 'ask_bid': 'BID', 'order_type': 'limit', 'state': 'cancel', 'trade_uuid': None, 'price': 41400, 'volume': 45, 'remaining_volume': 45, 'executed_volume': 0, 'trades_count': 0, 'reserved_fee': 4657.5, 'remaining_fee': 4657.5, 'paid_fee': 0, 'executed_funds': 0, 'trade_timestamp': None, 'order_timestamp': 1731511418365, 'timestamp': 1731511418812, 'stream_type': 'REALTIME'}
[00:23:38.848][8]bit 4444444444444 쓰레드 정리 isclear isClear(C0111000000105208543), 남은양:45.0, {'type': 'myOrder', 'code': 'KRW-BTG', 'uuid': 'C0111000000105208543', 'ask_bid': 'BID', 'order_type': 'limit', 'state': 'cancel', 'trade_uuid': None, 'price': 41400, 'volume': 45, 'remaining_volume': 45, 'executed_volume': 0, 'trades_count': 0, 'reserved_fee': 4657.5, 'remaining_fee': 4657.5, 'paid_fee': 0, 'executed_funds': 0, 'trade_timestamp': None, 'order_timestamp': 1731511418365, 'timestamp': 1731511418812, 'stream_type': 'REALTIME'}
[00:23:38.852][MyApi]stop_threads 시작 C0111000000105208543
[00:23:38.855]빗썸 [8][MyApi]쓰레드 종료
[00:23:38.855][8] 666666666666666 [MyApi]stop_threads 종료 C0111000000105208543
[00:23:39.446][9]빗썸1111111111111매수신청 완료(C0111000000105208557), mode:1, result:{'uuid': 'C0111000000105208557', 'side': 'bid', 'ord_type': 'limit', 'price': '41400', 'state': 'wait', 'market': 'KRW-BTG', 'created_at': '2024-11-14T00:23:39+09:00', 'volume': '45', 'remaining_volume': '45', 'reserved_fee': '4657.5', 'remaining_fee': '4657.5', 'paid_fee': '0', 'locked': '1867658.5', 'executed_volume': '0', 'trades_count': 0}
[00:23:39.558][9][bit](BID) 주문상태:wait, {'type': 'myOrder', 'code': 'KRW-BTG', 'uuid': 'C0111000000105208557', 'ask_bid': 'BID', 'order_type': 'limit', 'state': 'wait', 'trade_uuid': None, 'price': 41400, 'volume': 45, 'remaining_volume': 45, 'executed_volume': 0, 'trades_count': 0, 'reserved_fee': 4657.5, 'remaining_fee': 4657.5, 'paid_fee': 0, 'executed_funds': 0, 'trade_timestamp': None, 'order_timestamp': 1731511419372, 'timestamp': 1731511419526, 'stream_type': 'REALTIME'}
[00:23:39.560][9]bit22222222222222222 매수대기 (C0111000000105208557),{'type': 'myOrder', 'code': 'KRW-BTG', 'uuid': 'C0111000000105208557', 'ask_bid': 'BID', 'order_type': 'limit', 'state': 'wait', 'trade_uuid': None, 'price': 41400, 'volume': 45, 'remaining_volume': 45, 'executed_volume': 0, 'trades_count': 0, 'reserved_fee': 4657.5, 'remaining_fee': 4657.5, 'paid_fee': 0, 'executed_funds': 0, 'trade_timestamp': None, 'order_timestamp': 1731511419372, 'timestamp': 1731511419526, 'stream_type': 'REALTIME'}
[00:23:39.693][9]빗썸탈출신청(C0111000000105208557) mode:1, 빗썸매수3까지 내려옴. 매수금액(41400.0), 매수2(41460.0)
[00:23:39.901][9]빗썸탈출신청결과(C0111000000105208557) status_code:200 , {'uuid': 'C0111000000105208557', 'side': 'bid', 'ord_type': 'limit', 'price': '41400', 'state': 'wait', 'market': 'KRW-BTG', 'created_at': '2024-11-14T00:23:39+09:00', 'volume': '45', 'remaining_volume': '45', 'reserved_fee': '4657.5', 'remaining_fee': '4657.5', 'paid_fee': '0', 'locked': '1867658.5', 'executed_volume': '0', 'trades_count': 0}
[00:23:39.911][9]빗썸탈출신청(C0111000000105208557) mode:1, 빗썸매수3까지 내려옴. 매수금액(41400.0), 매수2(41460.0)
[00:23:39.994][9][bit](BID) 주문상태:cancel, {'type': 'myOrder', 'code': 'KRW-BTG', 'uuid': 'C0111000000105208557', 'ask_bid': 'BID', 'order_type': 'limit', 'state': 'cancel', 'trade_uuid': None, 'price': 41400, 'volume': 45, 'remaining_volume': 45, 'executed_volume': 0, 'trades_count': 0, 'reserved_fee': 4657.5, 'remaining_fee': 4657.5, 'paid_fee': 0, 'executed_funds': 0, 'trade_timestamp': None, 'order_timestamp': 1731511419372, 'timestamp': 1731511419958, 'stream_type': 'REALTIME'}
[00:23:39.994][9]bit33333333333333333 매수취소(C0111000000105208557), {'type': 'myOrder', 'code': 'KRW-BTG', 'uuid': 'C0111000000105208557', 'ask_bid': 'BID', 'order_type': 'limit', 'state': 'cancel', 'trade_uuid': None, 'price': 41400, 'volume': 45, 'remaining_volume': 45, 'executed_volume': 0, 'trades_count': 0, 'reserved_fee': 4657.5, 'remaining_fee': 4657.5, 'paid_fee': 0, 'executed_funds': 0, 'trade_timestamp': None, 'order_timestamp': 1731511419372, 'timestamp': 1731511419958, 'stream_type': 'REALTIME'}
[00:23:39.994][9]bit 4444444444444 쓰레드 정리 isclear isClear(C0111000000105208557), 남은양:45.0, {'type': 'myOrder', 'code': 'KRW-BTG', 'uuid': 'C0111000000105208557', 'ask_bid': 'BID', 'order_type': 'limit', 'state': 'cancel', 'trade_uuid': None, 'price': 41400, 'volume': 45, 'remaining_volume': 45, 'executed_volume': 0, 'trades_count': 0, 'reserved_fee': 4657.5, 'remaining_fee': 4657.5, 'paid_fee': 0, 'executed_funds': 0, 'trade_timestamp': None, 'order_timestamp': 1731511419372, 'timestamp': 1731511419958, 'stream_type': 'REALTIME'}
[00:23:39.996][MyApi]stop_threads 시작 C0111000000105208557
[00:23:40.109][9]빗썸탈출신청결과(C0111000000105208557) status_code:404 , {'error': {'name': 'order_not_found', 'message': '주문을 찾지 못했습니다.'}}
[00:23:40.115]빗썸 [9][MyApi]쓰레드 종료
[00:23:40.115][9] 666666666666666 [MyApi]stop_threads 종료 C0111000000105208557
[00:25:43.267][10]빗썸1111111111111매수신청 완료(C0111000000105210461), mode:1, result:{'uuid': 'C0111000000105210461', 'side': 'bid', 'ord_type': 'limit', 'price': '39600', 'state': 'wait', 'market': 'KRW-BTG', 'created_at': '2024-11-14T00:25:43+09:00', 'volume': '45', 'remaining_volume': '45', 'reserved_fee': '4455', 'remaining_fee': '4455', 'paid_fee': '0', 'locked': '1786456', 'executed_volume': '0', 'trades_count': 0}
[00:25:43.286][10]빗썸탈출신청(C0111000000105210461) mode:1, 빗썸매수3까지 내려옴. 매수금액(39600.0), 매수2(39610.0)
[00:25:43.359][10][bit](BID) 주문상태:wait, {'type': 'myOrder', 'code': 'KRW-BTG', 'uuid': 'C0111000000105210461', 'ask_bid': 'BID', 'order_type': 'limit', 'state': 'wait', 'trade_uuid': None, 'price': 39600, 'volume': 45, 'remaining_volume': 45, 'executed_volume': 0, 'trades_count': 0, 'reserved_fee': 4455, 'remaining_fee': 4455, 'paid_fee': 0, 'executed_funds': 0, 'trade_timestamp': None, 'order_timestamp': 1731511543179, 'timestamp': 1731511543323, 'stream_type': 'REALTIME'}
[00:25:43.360][10]bit22222222222222222 매수대기 (C0111000000105210461),{'type': 'myOrder', 'code': 'KRW-BTG', 'uuid': 'C0111000000105210461', 'ask_bid': 'BID', 'order_type': 'limit', 'state': 'wait', 'trade_uuid': None, 'price': 39600, 'volume': 45, 'remaining_volume': 45, 'executed_volume': 0, 'trades_count': 0, 'reserved_fee': 4455, 'remaining_fee': 4455, 'paid_fee': 0, 'executed_funds': 0, 'trade_timestamp': None, 'order_timestamp': 1731511543179, 'timestamp': 1731511543323, 'stream_type': 'REALTIME'}
[00:25:43.545][10]빗썸탈출신청결과(C0111000000105210461) status_code:200 , {'uuid': 'C0111000000105210461', 'side': 'bid', 'ord_type': 'limit', 'price': '39600', 'state': 'wait', 'market': 'KRW-BTG', 'created_at': '2024-11-14T00:25:43+09:00', 'volume': '45', 'remaining_volume': '45', 'reserved_fee': '4455', 'remaining_fee': '4455', 'paid_fee': '0', 'locked': '1786456', 'executed_volume': '0', 'trades_count': 0}
[00:25:43.680][10]빗썸탈출신청(C0111000000105210461) mode:1, 빗썸매수3까지 내려옴. 매수금액(39600.0), 매수2(39700.0)
[00:25:43.741][10][bit](BID) 주문상태:cancel, {'type': 'myOrder', 'code': 'KRW-BTG', 'uuid': 'C0111000000105210461', 'ask_bid': 'BID', 'order_type': 'limit', 'state': 'cancel', 'trade_uuid': None, 'price': 39600, 'volume': 45, 'remaining_volume': 45, 'executed_volume': 0, 'trades_count': 0, 'reserved_fee': 4455, 'remaining_fee': 4455, 'paid_fee': 0, 'executed_funds': 0, 'trade_timestamp': None, 'order_timestamp': 1731511543179, 'timestamp': 1731511543704, 'stream_type': 'REALTIME'}
[00:25:43.741][10]bit33333333333333333 매수취소(C0111000000105210461), {'type': 'myOrder', 'code': 'KRW-BTG', 'uuid': 'C0111000000105210461', 'ask_bid': 'BID', 'order_type': 'limit', 'state': 'cancel', 'trade_uuid': None, 'price': 39600, 'volume': 45, 'remaining_volume': 45, 'executed_volume': 0, 'trades_count': 0, 'reserved_fee': 4455, 'remaining_fee': 4455, 'paid_fee': 0, 'executed_funds': 0, 'trade_timestamp': None, 'order_timestamp': 1731511543179, 'timestamp': 1731511543704, 'stream_type': 'REALTIME'}
[00:25:43.742][10]bit 4444444444444 쓰레드 정리 isclear isClear(C0111000000105210461), 남은양:45.0, {'type': 'myOrder', 'code': 'KRW-BTG', 'uuid': 'C0111000000105210461', 'ask_bid': 'BID', 'order_type': 'limit', 'state': 'cancel', 'trade_uuid': None, 'price': 39600, 'volume': 45, 'remaining_volume': 45, 'executed_volume': 0, 'trades_count': 0, 'reserved_fee': 4455, 'remaining_fee': 4455, 'paid_fee': 0, 'executed_funds': 0, 'trade_timestamp': None, 'order_timestamp': 1731511543179, 'timestamp': 1731511543704, 'stream_type': 'REALTIME'}
[00:25:43.745][MyApi]stop_threads 시작 C0111000000105210461
[00:25:43.951][10]빗썸탈출신청결과(C0111000000105210461) status_code:404 , {'error': {'name': 'order_not_found', 'message': '주문을 찾지 못했습니다.'}}
[00:25:43.954]빗썸 [10][MyApi]쓰레드 종료
[00:25:43.955][10] 666666666666666 [MyApi]stop_threads 종료 C0111000000105210461
[00:26:07.659][11]빗썸1111111111111매수신청 완료(C0111000000105210812), mode:1, result:{'uuid': 'C0111000000105210812', 'side': 'bid', 'ord_type': 'limit', 'price': '39700', 'state': 'wait', 'market': 'KRW-BTG', 'created_at': '2024-11-14T00:26:07+09:00', 'volume': '45', 'remaining_volume': '45', 'reserved_fee': '4466.25', 'remaining_fee': '4466.25', 'paid_fee': '0', 'locked': '1790967.25', 'executed_volume': '0', 'trades_count': 0}
[00:26:07.787][11][bit](BID) 주문상태:wait, {'type': 'myOrder', 'code': 'KRW-BTG', 'uuid': 'C0111000000105210812', 'ask_bid': 'BID', 'order_type': 'limit', 'state': 'wait', 'trade_uuid': None, 'price': 39700, 'volume': 45, 'remaining_volume': 45, 'executed_volume': 0, 'trades_count': 0, 'reserved_fee': 4466.25, 'remaining_fee': 4466.25, 'paid_fee': 0, 'executed_funds': 0, 'trade_timestamp': None, 'order_timestamp': 1731511567588, 'timestamp': 1731511567753, 'stream_type': 'REALTIME'}
[00:26:07.788][11]bit22222222222222222 매수대기 (C0111000000105210812),{'type': 'myOrder', 'code': 'KRW-BTG', 'uuid': 'C0111000000105210812', 'ask_bid': 'BID', 'order_type': 'limit', 'state': 'wait', 'trade_uuid': None, 'price': 39700, 'volume': 45, 'remaining_volume': 45, 'executed_volume': 0, 'trades_count': 0, 'reserved_fee': 4466.25, 'remaining_fee': 4466.25, 'paid_fee': 0, 'executed_funds': 0, 'trade_timestamp': None, 'order_timestamp': 1731511567588, 'timestamp': 1731511567753, 'stream_type': 'REALTIME'}
[00:26:09.457][11]빗썸탈출신청(C0111000000105210812) mode:1, 빗썸매수3까지 내려옴. 매수금액(39700.0), 매수2(39770.0)
[00:26:09.765][11]빗썸탈출신청결과(C0111000000105210812) status_code:200 , {'uuid': 'C0111000000105210812', 'side': 'bid', 'ord_type': 'limit', 'price': '39700', 'state': 'wait', 'market': 'KRW-BTG', 'created_at': '2024-11-14T00:26:07+09:00', 'volume': '45', 'remaining_volume': '45', 'reserved_fee': '4466.25', 'remaining_fee': '4466.25', 'paid_fee': '0', 'locked': '1790967.25', 'executed_volume': '0', 'trades_count': 0}
[00:26:09.836][11][bit](BID) 주문상태:cancel, {'type': 'myOrder', 'code': 'KRW-BTG', 'uuid': 'C0111000000105210812', 'ask_bid': 'BID', 'order_type': 'limit', 'state': 'cancel', 'trade_uuid': None, 'price': 39700, 'volume': 45, 'remaining_volume': 45, 'executed_volume': 0, 'trades_count': 0, 'reserved_fee': 4466.25, 'remaining_fee': 4466.25, 'paid_fee': 0, 'executed_funds': 0, 'trade_timestamp': None, 'order_timestamp': 1731511567588, 'timestamp': 1731511569803, 'stream_type': 'REALTIME'}
[00:26:09.836][11]bit33333333333333333 매수취소(C0111000000105210812), {'type': 'myOrder', 'code': 'KRW-BTG', 'uuid': 'C0111000000105210812', 'ask_bid': 'BID', 'order_type': 'limit', 'state': 'cancel', 'trade_uuid': None, 'price': 39700, 'volume': 45, 'remaining_volume': 45, 'executed_volume': 0, 'trades_count': 0, 'reserved_fee': 4466.25, 'remaining_fee': 4466.25, 'paid_fee': 0, 'executed_funds': 0, 'trade_timestamp': None, 'order_timestamp': 1731511567588, 'timestamp': 1731511569803, 'stream_type': 'REALTIME'}
[00:26:09.836][11]bit 4444444444444 쓰레드 정리 isclear isClear(C0111000000105210812), 남은양:45.0, {'type': 'myOrder', 'code': 'KRW-BTG', 'uuid': 'C0111000000105210812', 'ask_bid': 'BID', 'order_type': 'limit', 'state': 'cancel', 'trade_uuid': None, 'price': 39700, 'volume': 45, 'remaining_volume': 45, 'executed_volume': 0, 'trades_count': 0, 'reserved_fee': 4466.25, 'remaining_fee': 4466.25, 'paid_fee': 0, 'executed_funds': 0, 'trade_timestamp': None, 'order_timestamp': 1731511567588, 'timestamp': 1731511569803, 'stream_type': 'REALTIME'}
[00:26:09.837][MyApi]stop_threads 시작 C0111000000105210812
[00:26:09.839]빗썸 [11][MyApi]쓰레드 종료
[00:26:09.839][11] 666666666666666 [MyApi]stop_threads 종료 C0111000000105210812
[00:26:55.536][12]빗썸1111111111111매수신청 완료(C0111000000105211192), mode:1, result:{'uuid': 'C0111000000105211192', 'side': 'bid', 'ord_type': 'limit', 'price': '39820', 'state': 'wait', 'market': 'KRW-BTG', 'created_at': '2024-11-14T00:26:55+09:00', 'volume': '45', 'remaining_volume': '45', 'reserved_fee': '4479.75', 'remaining_fee': '4479.75', 'paid_fee': '0', 'locked': '1796380.75', 'executed_volume': '0', 'trades_count': 0}
[00:26:55.815][12][bit](BID) 주문상태:wait, {'type': 'myOrder', 'code': 'KRW-BTG', 'uuid': 'C0111000000105211192', 'ask_bid': 'BID', 'order_type': 'limit', 'state': 'wait', 'trade_uuid': None, 'price': 39820, 'volume': 45, 'remaining_volume': 45, 'executed_volume': 0, 'trades_count': 0, 'reserved_fee': 4479.75, 'remaining_fee': 4479.75, 'paid_fee': 0, 'executed_funds': 0, 'trade_timestamp': None, 'order_timestamp': 1731511615463, 'timestamp': 1731511615766, 'stream_type': 'REALTIME'}
[00:26:55.816][12]bit22222222222222222 매수대기 (C0111000000105211192),{'type': 'myOrder', 'code': 'KRW-BTG', 'uuid': 'C0111000000105211192', 'ask_bid': 'BID', 'order_type': 'limit', 'state': 'wait', 'trade_uuid': None, 'price': 39820, 'volume': 45, 'remaining_volume': 45, 'executed_volume': 0, 'trades_count': 0, 'reserved_fee': 4479.75, 'remaining_fee': 4479.75, 'paid_fee': 0, 'executed_funds': 0, 'trade_timestamp': None, 'order_timestamp': 1731511615463, 'timestamp': 1731511615766, 'stream_type': 'REALTIME'}
[00:26:56.173][12]빗썸탈출신청(C0111000000105211192) mode:1, 빗썸매수3까지 내려옴. 매수금액(39820.0), 매수2(39840.0)
[00:26:56.357][13]빗썸1111111111111매수신청 완료(C0111000000105211200), mode:1, result:{'uuid': 'C0111000000105211200', 'side': 'bid', 'ord_type': 'limit', 'price': '39820', 'state': 'wait', 'market': 'KRW-BTG', 'created_at': '2024-11-14T00:26:56+09:00', 'volume': '45', 'remaining_volume': '45', 'reserved_fee': '4479.75', 'remaining_fee': '4479.75', 'paid_fee': '0', 'locked': '1796380.75', 'executed_volume': '0', 'trades_count': 0}
[00:26:56.423][12]빗썸탈출신청결과(C0111000000105211192) status_code:200 , {'uuid': 'C0111000000105211192', 'side': 'bid', 'ord_type': 'limit', 'price': '39820', 'state': 'wait', 'market': 'KRW-BTG', 'created_at': '2024-11-14T00:26:55+09:00', 'volume': '45', 'remaining_volume': '45', 'reserved_fee': '4479.75', 'remaining_fee': '4479.75', 'paid_fee': '0', 'locked': '1796380.75', 'executed_volume': '0', 'trades_count': 0}
[00:26:56.432][13]빗썸탈출신청(C0111000000105211200) mode:1, 빗썸매수3까지 내려옴. 매수금액(39820.0), 매수2(39840.0)
[00:26:56.432][12]빗썸탈출신청(C0111000000105211192) mode:1, 빗썸매수3까지 내려옴. 매수금액(39820.0), 매수2(39840.0)
[00:26:56.629][13][bit](BID) 주문상태:wait, {'type': 'myOrder', 'code': 'KRW-BTG', 'uuid': 'C0111000000105211200', 'ask_bid': 'BID', 'order_type': 'limit', 'state': 'wait', 'trade_uuid': None, 'price': 39820, 'volume': 45, 'remaining_volume': 45, 'executed_volume': 0, 'trades_count': 0, 'reserved_fee': 4479.75, 'remaining_fee': 4479.75, 'paid_fee': 0, 'executed_funds': 0, 'trade_timestamp': None, 'order_timestamp': 1731511616296, 'timestamp': 1731511616583, 'stream_type': 'REALTIME'}
[00:26:56.630][13]bit22222222222222222 매수대기 (C0111000000105211200),{'type': 'myOrder', 'code': 'KRW-BTG', 'uuid': 'C0111000000105211200', 'ask_bid': 'BID', 'order_type': 'limit', 'state': 'wait', 'trade_uuid': None, 'price': 39820, 'volume': 45, 'remaining_volume': 45, 'executed_volume': 0, 'trades_count': 0, 'reserved_fee': 4479.75, 'remaining_fee': 4479.75, 'paid_fee': 0, 'executed_funds': 0, 'trade_timestamp': None, 'order_timestamp': 1731511616296, 'timestamp': 1731511616583, 'stream_type': 'REALTIME'}
[00:26:56.635][12][bit](BID) 주문상태:cancel, {'type': 'myOrder', 'code': 'KRW-BTG', 'uuid': 'C0111000000105211192', 'ask_bid': 'BID', 'order_type': 'limit', 'state': 'cancel', 'trade_uuid': None, 'price': 39820, 'volume': 45, 'remaining_volume': 45, 'executed_volume': 0, 'trades_count': 0, 'reserved_fee': 4479.75, 'remaining_fee': 4479.75, 'paid_fee': 0, 'executed_funds': 0, 'trade_timestamp': None, 'order_timestamp': 1731511615463, 'timestamp': 1731511616602, 'stream_type': 'REALTIME'}
[00:26:56.635][12]bit33333333333333333 매수취소(C0111000000105211192), {'type': 'myOrder', 'code': 'KRW-BTG', 'uuid': 'C0111000000105211192', 'ask_bid': 'BID', 'order_type': 'limit', 'state': 'cancel', 'trade_uuid': None, 'price': 39820, 'volume': 45, 'remaining_volume': 45, 'executed_volume': 0, 'trades_count': 0, 'reserved_fee': 4479.75, 'remaining_fee': 4479.75, 'paid_fee': 0, 'executed_funds': 0, 'trade_timestamp': None, 'order_timestamp': 1731511615463, 'timestamp': 1731511616602, 'stream_type': 'REALTIME'}
[00:26:56.635][12]bit 4444444444444 쓰레드 정리 isclear isClear(C0111000000105211192), 남은양:45.0, {'type': 'myOrder', 'code': 'KRW-BTG', 'uuid': 'C0111000000105211192', 'ask_bid': 'BID', 'order_type': 'limit', 'state': 'cancel', 'trade_uuid': None, 'price': 39820, 'volume': 45, 'remaining_volume': 45, 'executed_volume': 0, 'trades_count': 0, 'reserved_fee': 4479.75, 'remaining_fee': 4479.75, 'paid_fee': 0, 'executed_funds': 0, 'trade_timestamp': None, 'order_timestamp': 1731511615463, 'timestamp': 1731511616602, 'stream_type': 'REALTIME'}
[00:26:56.636][MyApi]stop_threads 시작 C0111000000105211192
[00:26:56.728][12]빗썸탈출신청결과(C0111000000105211192) status_code:404 , {'error': {'name': 'order_not_found', 'message': '주문을 찾지 못했습니다.'}}
[00:26:56.732]빗썸 [12][MyApi]쓰레드 종료
[00:26:56.732][12] 666666666666666 [MyApi]stop_threads 종료 C0111000000105211192
[00:26:56.743][13]빗썸탈출신청결과(C0111000000105211200) status_code:200 , {'uuid': 'C0111000000105211200', 'side': 'bid', 'ord_type': 'limit', 'price': '39820', 'state': 'wait', 'market': 'KRW-BTG', 'created_at': '2024-11-14T00:26:56+09:00', 'volume': '45', 'remaining_volume': '45', 'reserved_fee': '4479.75', 'remaining_fee': '4479.75', 'paid_fee': '0', 'locked': '1796380.75', 'executed_volume': '0', 'trades_count': 0}
[00:26:56.911][13]빗썸탈출신청(C0111000000105211200) mode:1, 빗썸매수3까지 내려옴. 매수금액(39820.0), 매수2(39840.0)
[00:26:56.951][13][bit](BID) 주문상태:cancel, {'type': 'myOrder', 'code': 'KRW-BTG', 'uuid': 'C0111000000105211200', 'ask_bid': 'BID', 'order_type': 'limit', 'state': 'cancel', 'trade_uuid': None, 'price': 39820, 'volume': 45, 'remaining_volume': 45, 'executed_volume': 0, 'trades_count': 0, 'reserved_fee': 4479.75, 'remaining_fee': 4479.75, 'paid_fee': 0, 'executed_funds': 0, 'trade_timestamp': None, 'order_timestamp': 1731511616296, 'timestamp': 1731511616918, 'stream_type': 'REALTIME'}
[00:26:56.951][13]bit33333333333333333 매수취소(C0111000000105211200), {'type': 'myOrder', 'code': 'KRW-BTG', 'uuid': 'C0111000000105211200', 'ask_bid': 'BID', 'order_type': 'limit', 'state': 'cancel', 'trade_uuid': None, 'price': 39820, 'volume': 45, 'remaining_volume': 45, 'executed_volume': 0, 'trades_count': 0, 'reserved_fee': 4479.75, 'remaining_fee': 4479.75, 'paid_fee': 0, 'executed_funds': 0, 'trade_timestamp': None, 'order_timestamp': 1731511616296, 'timestamp': 1731511616918, 'stream_type': 'REALTIME'}
[00:26:56.951][13]bit 4444444444444 쓰레드 정리 isclear isClear(C0111000000105211200), 남은양:45.0, {'type': 'myOrder', 'code': 'KRW-BTG', 'uuid': 'C0111000000105211200', 'ask_bid': 'BID', 'order_type': 'limit', 'state': 'cancel', 'trade_uuid': None, 'price': 39820, 'volume': 45, 'remaining_volume': 45, 'executed_volume': 0, 'trades_count': 0, 'reserved_fee': 4479.75, 'remaining_fee': 4479.75, 'paid_fee': 0, 'executed_funds': 0, 'trade_timestamp': None, 'order_timestamp': 1731511616296, 'timestamp': 1731511616918, 'stream_type': 'REALTIME'}
[00:26:56.953][MyApi]stop_threads 시작 C0111000000105211200
[00:26:57.126][13]빗썸탈출신청결과(C0111000000105211200) status_code:404 , {'error': {'name': 'order_not_found', 'message': '주문을 찾지 못했습니다.'}}
[00:26:57.132]빗썸 [13][MyApi]쓰레드 종료
[00:26:57.132][13] 666666666666666 [MyApi]stop_threads 종료 C0111000000105211200
[00:27:04.043][14]빗썸1111111111111매수신청 완료(C0111000000105211312), mode:1, result:{'uuid': 'C0111000000105211312', 'side': 'bid', 'ord_type': 'limit', 'price': '39700', 'state': 'wait', 'market': 'KRW-BTG', 'created_at': '2024-11-14T00:27:03+09:00', 'volume': '45', 'remaining_volume': '45', 'reserved_fee': '4466.25', 'remaining_fee': '4466.25', 'paid_fee': '0', 'locked': '1790967.25', 'executed_volume': '0', 'trades_count': 0}
[00:27:04.153][14][bit](BID) 주문상태:wait, {'type': 'myOrder', 'code': 'KRW-BTG', 'uuid': 'C0111000000105211312', 'ask_bid': 'BID', 'order_type': 'limit', 'state': 'wait', 'trade_uuid': None, 'price': 39700, 'volume': 45, 'remaining_volume': 45, 'executed_volume': 0, 'trades_count': 0, 'reserved_fee': 4466.25, 'remaining_fee': 4466.25, 'paid_fee': 0, 'executed_funds': 0, 'trade_timestamp': None, 'order_timestamp': 1731511623968, 'timestamp': 1731511624120, 'stream_type': 'REALTIME'}
[00:27:04.154][14]bit22222222222222222 매수대기 (C0111000000105211312),{'type': 'myOrder', 'code': 'KRW-BTG', 'uuid': 'C0111000000105211312', 'ask_bid': 'BID', 'order_type': 'limit', 'state': 'wait', 'trade_uuid': None, 'price': 39700, 'volume': 45, 'remaining_volume': 45, 'executed_volume': 0, 'trades_count': 0, 'reserved_fee': 4466.25, 'remaining_fee': 4466.25, 'paid_fee': 0, 'executed_funds': 0, 'trade_timestamp': None, 'order_timestamp': 1731511623968, 'timestamp': 1731511624120, 'stream_type': 'REALTIME'}
[00:27:04.411][14]빗썸탈출신청(C0111000000105211312) mode:1, 최종적으로 수량 부족으로 탈출. 업빗매수2차익:30.0, BitToUp:79.58, UpToBit:19.89, 남은매수/신청매수:45.0/45.0, buy_amount:15.625, get_total_units:0, up_buy1_amount:15.625, up_buy2_amount:2.26071608
[00:27:04.650][14]빗썸탈출신청결과(C0111000000105211312) status_code:200 , {'uuid': 'C0111000000105211312', 'side': 'bid', 'ord_type': 'limit', 'price': '39700', 'state': 'wait', 'market': 'KRW-BTG', 'created_at': '2024-11-14T00:27:03+09:00', 'volume': '45', 'remaining_volume': '45', 'reserved_fee': '4466.25', 'remaining_fee': '4466.25', 'paid_fee': '0', 'locked': '1790967.25', 'executed_volume': '0', 'trades_count': 0}
[00:27:04.662][14]빗썸탈출신청(C0111000000105211312) mode:1, 최종적으로 수량 부족으로 탈출. 업빗매수2차익:20.0, BitToUp:79.4, UpToBit:19.865, 남은매수/신청매수:45.0/45.0, buy_amount:2.26071608, get_total_units:0, up_buy1_amount:2.26071608, up_buy2_amount:2.51762336
[00:27:04.791][14][bit](BID) 주문상태:cancel, {'type': 'myOrder', 'code': 'KRW-BTG', 'uuid': 'C0111000000105211312', 'ask_bid': 'BID', 'order_type': 'limit', 'state': 'cancel', 'trade_uuid': None, 'price': 39700, 'volume': 45, 'remaining_volume': 45, 'executed_volume': 0, 'trades_count': 0, 'reserved_fee': 4466.25, 'remaining_fee': 4466.25, 'paid_fee': 0, 'executed_funds': 0, 'trade_timestamp': None, 'order_timestamp': 1731511623968, 'timestamp': 1731511624758, 'stream_type': 'REALTIME'}
[00:27:04.791][14]bit33333333333333333 매수취소(C0111000000105211312), {'type': 'myOrder', 'code': 'KRW-BTG', 'uuid': 'C0111000000105211312', 'ask_bid': 'BID', 'order_type': 'limit', 'state': 'cancel', 'trade_uuid': None, 'price': 39700, 'volume': 45, 'remaining_volume': 45, 'executed_volume': 0, 'trades_count': 0, 'reserved_fee': 4466.25, 'remaining_fee': 4466.25, 'paid_fee': 0, 'executed_funds': 0, 'trade_timestamp': None, 'order_timestamp': 1731511623968, 'timestamp': 1731511624758, 'stream_type': 'REALTIME'}
[00:27:04.792][14]bit 4444444444444 쓰레드 정리 isclear isClear(C0111000000105211312), 남은양:45.0, {'type': 'myOrder', 'code': 'KRW-BTG', 'uuid': 'C0111000000105211312', 'ask_bid': 'BID', 'order_type': 'limit', 'state': 'cancel', 'trade_uuid': None, 'price': 39700, 'volume': 45, 'remaining_volume': 45, 'executed_volume': 0, 'trades_count': 0, 'reserved_fee': 4466.25, 'remaining_fee': 4466.25, 'paid_fee': 0, 'executed_funds': 0, 'trade_timestamp': None, 'order_timestamp': 1731511623968, 'timestamp': 1731511624758, 'stream_type': 'REALTIME'}
[00:27:04.793][MyApi]stop_threads 시작 C0111000000105211312
[00:27:04.814][14]빗썸탈출신청결과(C0111000000105211312) status_code:404 , {'error': {'name': 'order_not_found', 'message': '주문을 찾지 못했습니다.'}}
[00:27:04.821]빗썸 [14][MyApi]쓰레드 종료
[00:27:04.821][14] 666666666666666 [MyApi]stop_threads 종료 C0111000000105211312
[00:27:11.211][15]빗썸1111111111111매수신청 완료(C0111000000105211420), mode:1, result:{'uuid': 'C0111000000105211420', 'side': 'bid', 'ord_type': 'limit', 'price': '39620', 'state': 'wait', 'market': 'KRW-BTG', 'created_at': '2024-11-14T00:27:11+09:00', 'volume': '0.48256', 'remaining_volume': '0.48256', 'reserved_fee': '47.797568', 'remaining_fee': '47.797568', 'paid_fee': '0', 'locked': '19167.824768', 'executed_volume': '0', 'trades_count': 0}
[00:27:11.505][15][bit](BID) 주문상태:wait, {'type': 'myOrder', 'code': 'KRW-BTG', 'uuid': 'C0111000000105211420', 'ask_bid': 'BID', 'order_type': 'limit', 'state': 'wait', 'trade_uuid': None, 'price': 39620, 'volume': 0.48256, 'remaining_volume': 0.48256, 'executed_volume': 0, 'trades_count': 0, 'reserved_fee': 47.797568, 'remaining_fee': 47.797568, 'paid_fee': 0, 'executed_funds': 0, 'trade_timestamp': None, 'order_timestamp': 1731511631132, 'timestamp': 1731511631467, 'stream_type': 'REALTIME'}
[00:27:11.507][15]bit22222222222222222 매수대기 (C0111000000105211420),{'type': 'myOrder', 'code': 'KRW-BTG', 'uuid': 'C0111000000105211420', 'ask_bid': 'BID', 'order_type': 'limit', 'state': 'wait', 'trade_uuid': None, 'price': 39620, 'volume': 0.48256, 'remaining_volume': 0.48256, 'executed_volume': 0, 'trades_count': 0, 'reserved_fee': 47.797568, 'remaining_fee': 47.797568, 'paid_fee': 0, 'executed_funds': 0, 'trade_timestamp': None, 'order_timestamp': 1731511631132, 'timestamp': 1731511631467, 'stream_type': 'REALTIME'}
[00:27:12.912][15]빗썸탈출신청(C0111000000105211420) mode:1, 차익 부족70.0(79.28)
[00:27:13.228][15]빗썸탈출신청결과(C0111000000105211420) status_code:200 , {'uuid': 'C0111000000105211420', 'side': 'bid', 'ord_type': 'limit', 'price': '39620', 'state': 'wait', 'market': 'KRW-BTG', 'created_at': '2024-11-14T00:27:11+09:00', 'volume': '0.48256', 'remaining_volume': '0.48256', 'reserved_fee': '47.797568', 'remaining_fee': '47.797568', 'paid_fee': '0', 'locked': '19167.824768', 'executed_volume': '0', 'trades_count': 0}
[00:27:13.386][15][bit](BID) 주문상태:cancel, {'type': 'myOrder', 'code': 'KRW-BTG', 'uuid': 'C0111000000105211420', 'ask_bid': 'BID', 'order_type': 'limit', 'state': 'cancel', 'trade_uuid': None, 'price': 39620, 'volume': 0.48256, 'remaining_volume': 0.48256, 'executed_volume': 0, 'trades_count': 0, 'reserved_fee': 47.797568, 'remaining_fee': 47.797568, 'paid_fee': 0, 'executed_funds': 0, 'trade_timestamp': None, 'order_timestamp': 1731511631132, 'timestamp': 1731511633353, 'stream_type': 'REALTIME'}
[00:27:13.387][15]bit33333333333333333 매수취소(C0111000000105211420), {'type': 'myOrder', 'code': 'KRW-BTG', 'uuid': 'C0111000000105211420', 'ask_bid': 'BID', 'order_type': 'limit', 'state': 'cancel', 'trade_uuid': None, 'price': 39620, 'volume': 0.48256, 'remaining_volume': 0.48256, 'executed_volume': 0, 'trades_count': 0, 'reserved_fee': 47.797568, 'remaining_fee': 47.797568, 'paid_fee': 0, 'executed_funds': 0, 'trade_timestamp': None, 'order_timestamp': 1731511631132, 'timestamp': 1731511633353, 'stream_type': 'REALTIME'}
[00:27:13.387][15]bit 4444444444444 쓰레드 정리 isclear isClear(C0111000000105211420), 남은양:0.48256, {'type': 'myOrder', 'code': 'KRW-BTG', 'uuid': 'C0111000000105211420', 'ask_bid': 'BID', 'order_type': 'limit', 'state': 'cancel', 'trade_uuid': None, 'price': 39620, 'volume': 0.48256, 'remaining_volume': 0.48256, 'executed_volume': 0, 'trades_count': 0, 'reserved_fee': 47.797568, 'remaining_fee': 47.797568, 'paid_fee': 0, 'executed_funds': 0, 'trade_timestamp': None, 'order_timestamp': 1731511631132, 'timestamp': 1731511633353, 'stream_type': 'REALTIME'}
[00:27:13.388][MyApi]stop_threads 시작 C0111000000105211420
[00:27:13.391]빗썸 [15][MyApi]쓰레드 종료
[00:27:13.391][15] 666666666666666 [MyApi]stop_threads 종료 C0111000000105211420
[00:27:21.179][16]빗썸1111111111111매수신청 완료(C0111000000105211514), mode:1, result:{'uuid': 'C0111000000105211514', 'side': 'bid', 'ord_type': 'limit', 'price': '39590', 'state': 'wait', 'market': 'KRW-BTG', 'created_at': '2024-11-14T00:27:21+09:00', 'volume': '45', 'remaining_volume': '45', 'reserved_fee': '4453.875', 'remaining_fee': '4453.875', 'paid_fee': '0', 'locked': '1786004.875', 'executed_volume': '0', 'trades_count': 0}
[00:27:21.366][16][bit](BID) 주문상태:wait, {'type': 'myOrder', 'code': 'KRW-BTG', 'uuid': 'C0111000000105211514', 'ask_bid': 'BID', 'order_type': 'limit', 'state': 'wait', 'trade_uuid': None, 'price': 39590, 'volume': 45, 'remaining_volume': 45, 'executed_volume': 0, 'trades_count': 0, 'reserved_fee': 4453.875, 'remaining_fee': 4453.875, 'paid_fee': 0, 'executed_funds': 0, 'trade_timestamp': None, 'order_timestamp': 1731511641108, 'timestamp': 1731511641318, 'stream_type': 'REALTIME'}
[00:27:21.368][16]bit22222222222222222 매수대기 (C0111000000105211514),{'type': 'myOrder', 'code': 'KRW-BTG', 'uuid': 'C0111000000105211514', 'ask_bid': 'BID', 'order_type': 'limit', 'state': 'wait', 'trade_uuid': None, 'price': 39590, 'volume': 45, 'remaining_volume': 45, 'executed_volume': 0, 'trades_count': 0, 'reserved_fee': 4453.875, 'remaining_fee': 4453.875, 'paid_fee': 0, 'executed_funds': 0, 'trade_timestamp': None, 'order_timestamp': 1731511641108, 'timestamp': 1731511641318, 'stream_type': 'REALTIME'}
[00:27:21.899][16]빗썸탈출신청(C0111000000105211514) mode:1, 빗썸매수3까지 내려옴. 매수금액(39590.0), 매수2(39650.0)
[00:27:22.263][16]빗썸탈출신청결과(C0111000000105211514) status_code:200 , {'uuid': 'C0111000000105211514', 'side': 'bid', 'ord_type': 'limit', 'price': '39590', 'state': 'wait', 'market': 'KRW-BTG', 'created_at': '2024-11-14T00:27:21+09:00', 'volume': '45', 'remaining_volume': '45', 'reserved_fee': '4453.875', 'remaining_fee': '4453.875', 'paid_fee': '0', 'locked': '1786004.875', 'executed_volume': '0', 'trades_count': 0}
[00:27:22.368][16][bit](BID) 주문상태:cancel, {'type': 'myOrder', 'code': 'KRW-BTG', 'uuid': 'C0111000000105211514', 'ask_bid': 'BID', 'order_type': 'limit', 'state': 'cancel', 'trade_uuid': None, 'price': 39590, 'volume': 45, 'remaining_volume': 45, 'executed_volume': 0, 'trades_count': 0, 'reserved_fee': 4453.875, 'remaining_fee': 4453.875, 'paid_fee': 0, 'executed_funds': 0, 'trade_timestamp': None, 'order_timestamp': 1731511641108, 'timestamp': 1731511642325, 'stream_type': 'REALTIME'}
[00:27:22.368][16]bit33333333333333333 매수취소(C0111000000105211514), {'type': 'myOrder', 'code': 'KRW-BTG', 'uuid': 'C0111000000105211514', 'ask_bid': 'BID', 'order_type': 'limit', 'state': 'cancel', 'trade_uuid': None, 'price': 39590, 'volume': 45, 'remaining_volume': 45, 'executed_volume': 0, 'trades_count': 0, 'reserved_fee': 4453.875, 'remaining_fee': 4453.875, 'paid_fee': 0, 'executed_funds': 0, 'trade_timestamp': None, 'order_timestamp': 1731511641108, 'timestamp': 1731511642325, 'stream_type': 'REALTIME'}
[00:27:22.368][16]bit 4444444444444 쓰레드 정리 isclear isClear(C0111000000105211514), 남은양:45.0, {'type': 'myOrder', 'code': 'KRW-BTG', 'uuid': 'C0111000000105211514', 'ask_bid': 'BID', 'order_type': 'limit', 'state': 'cancel', 'trade_uuid': None, 'price': 39590, 'volume': 45, 'remaining_volume': 45, 'executed_volume': 0, 'trades_count': 0, 'reserved_fee': 4453.875, 'remaining_fee': 4453.875, 'paid_fee': 0, 'executed_funds': 0, 'trade_timestamp': None, 'order_timestamp': 1731511641108, 'timestamp': 1731511642325, 'stream_type': 'REALTIME'}
[00:27:22.370][MyApi]stop_threads 시작 C0111000000105211514
[00:27:22.372]빗썸 [16][MyApi]쓰레드 종료
[00:27:22.372][16] 666666666666666 [MyApi]stop_threads 종료 C0111000000105211514
[00:27:23.523][17]빗썸1111111111111매수신청 완료(C0111000000105211532), mode:1, result:{'uuid': 'C0111000000105211532', 'side': 'bid', 'ord_type': 'limit', 'price': '39600', 'state': 'wait', 'market': 'KRW-BTG', 'created_at': '2024-11-14T00:27:23+09:00', 'volume': '45', 'remaining_volume': '45', 'reserved_fee': '4455', 'remaining_fee': '4455', 'paid_fee': '0', 'locked': '1786456', 'executed_volume': '0', 'trades_count': 0}
[00:27:23.589][17][bit](BID) 주문상태:wait, {'type': 'myOrder', 'code': 'KRW-BTG', 'uuid': 'C0111000000105211532', 'ask_bid': 'BID', 'order_type': 'limit', 'state': 'wait', 'trade_uuid': None, 'price': 39600, 'volume': 45, 'remaining_volume': 45, 'executed_volume': 0, 'trades_count': 0, 'reserved_fee': 4455, 'remaining_fee': 4455, 'paid_fee': 0, 'executed_funds': 0, 'trade_timestamp': None, 'order_timestamp': 1731511643452, 'timestamp': 1731511643554, 'stream_type': 'REALTIME'}
[00:27:23.591][17]bit22222222222222222 매수대기 (C0111000000105211532),{'type': 'myOrder', 'code': 'KRW-BTG', 'uuid': 'C0111000000105211532', 'ask_bid': 'BID', 'order_type': 'limit', 'state': 'wait', 'trade_uuid': None, 'price': 39600, 'volume': 45, 'remaining_volume': 45, 'executed_volume': 0, 'trades_count': 0, 'reserved_fee': 4455, 'remaining_fee': 4455, 'paid_fee': 0, 'executed_funds': 0, 'trade_timestamp': None, 'order_timestamp': 1731511643452, 'timestamp': 1731511643554, 'stream_type': 'REALTIME'}
[00:27:24.360][18]빗썸1111111111111매수신청 완료(C0111000000105211537), mode:1, result:{'uuid': 'C0111000000105211537', 'side': 'bid', 'ord_type': 'limit', 'price': '39600', 'state': 'wait', 'market': 'KRW-BTG', 'created_at': '2024-11-14T00:27:24+09:00', 'volume': '45', 'remaining_volume': '45', 'reserved_fee': '4455', 'remaining_fee': '4455', 'paid_fee': '0', 'locked': '1786456', 'executed_volume': '0', 'trades_count': 0}
[00:27:24.453][18][bit](BID) 주문상태:wait, {'type': 'myOrder', 'code': 'KRW-BTG', 'uuid': 'C0111000000105211537', 'ask_bid': 'BID', 'order_type': 'limit', 'state': 'wait', 'trade_uuid': None, 'price': 39600, 'volume': 45, 'remaining_volume': 45, 'executed_volume': 0, 'trades_count': 0, 'reserved_fee': 4455, 'remaining_fee': 4455, 'paid_fee': 0, 'executed_funds': 0, 'trade_timestamp': None, 'order_timestamp': 1731511644304, 'timestamp': 1731511644407, 'stream_type': 'REALTIME'}
[00:27:24.454][18]bit22222222222222222 매수대기 (C0111000000105211537),{'type': 'myOrder', 'code': 'KRW-BTG', 'uuid': 'C0111000000105211537', 'ask_bid': 'BID', 'order_type': 'limit', 'state': 'wait', 'trade_uuid': None, 'price': 39600, 'volume': 45, 'remaining_volume': 45, 'executed_volume': 0, 'trades_count': 0, 'reserved_fee': 4455, 'remaining_fee': 4455, 'paid_fee': 0, 'executed_funds': 0, 'trade_timestamp': None, 'order_timestamp': 1731511644304, 'timestamp': 1731511644407, 'stream_type': 'REALTIME'}
[00:27:25.047][17][bit](BID) 주문상태:done, {'type': 'myOrder', 'code': 'KRW-BTG', 'uuid': 'C0111000000105211532', 'ask_bid': 'BID', 'order_type': 'limit', 'state': 'done', 'trade_uuid': 'C0111000000014784890', 'price': 39600, 'volume': 45, 'remaining_volume': 0, 'executed_volume': 45, 'trades_count': 1, 'reserved_fee': 4455, 'remaining_fee': 4455, 'paid_fee': 0, 'executed_funds': 1782000, 'trade_timestamp': 1731511644823, 'order_timestamp': 1731511643452, 'timestamp': 1731511645009, 'stream_type': 'REALTIME'}
[00:27:25.049][17]bit3333333333333333 매수성공(C0111000000105211532), 체결량:45.0, {'type': 'myOrder', 'code': 'KRW-BTG', 'uuid': 'C0111000000105211532', 'ask_bid': 'BID', 'order_type': 'limit', 'state': 'done', 'trade_uuid': 'C0111000000014784890', 'price': 39600, 'volume': 45, 'remaining_volume': 0, 'executed_volume': 45, 'trades_count': 1, 'reserved_fee': 4455, 'remaining_fee': 4455, 'paid_fee': 0, 'executed_funds': 1782000, 'trade_timestamp': 1731511644823, 'order_timestamp': 1731511643452, 'timestamp': 1731511645009, 'stream_type': 'REALTIME'}
[00:27:25.049][17]SellToMarket(up) 시작 (C0111000000105211532),{'type': 'myOrder', 'code': 'KRW-BTG', 'uuid': 'C0111000000105211532', 'ask_bid': 'BID', 'order_type': 'limit', 'state': 'done', 'trade_uuid': 'C0111000000014784890', 'price': 39600, 'volume': 45, 'remaining_volume': 0, 'executed_volume': 45, 'trades_count': 1, 'reserved_fee': 4455, 'remaining_fee': 4455, 'paid_fee': 0, 'executed_funds': 1782000, 'trade_timestamp': 1731511644823, 'order_timestamp': 1731511643452, 'timestamp': 1731511645009, 'stream_type': 'REALTIME'}
[00:27:25.050][17]up매도직전 
[00:27:25.119]코인 오버 [322.3/322.0], 1회 거래량:45.0, 빗썸:71.06, 업빗:251.24
[00:27:25.152][17]빗썸탈출신청(C0111000000105211532) mode:1, 매수하고 남은 양이 너무 적음. 매수되버리면 짜투리 됨 0.0
[00:27:25.202][17]up매도직후2 result:{'uuid': 'e7641b79-8628-4af4-89b2-a0ee6741a90a', 'side': 'ask', 'ord_type': 'market', 'state': 'wait', 'market': 'KRW-BTG', 'created_at': '2024-11-14T00:27:25+09:00', 'volume': '45', 'remaining_volume': '45', 'reserved_fee': '0', 'remaining_fee': '0', 'paid_fee': '0', 'locked': '45', 'executed_volume': '0', 'trades_count': 0} 
[00:27:25.203][17]up 555555555555555 매도신청 완료 (e7641b79-8628-4af4-89b2-a0ee6741a90a),{'uuid': 'e7641b79-8628-4af4-89b2-a0ee6741a90a', 'side': 'ask', 'ord_type': 'market', 'state': 'wait', 'market': 'KRW-BTG', 'created_at': '2024-11-14T00:27:25+09:00', 'volume': '45', 'remaining_volume': '45', 'reserved_fee': '0', 'remaining_fee': '0', 'paid_fee': '0', 'locked': '45', 'executed_volume': '0', 'trades_count': 0}
[00:27:25.206][17]bit 4444444444444 쓰레드 정리 isclear isClear(C0111000000105211532), 남은양:0.0, {'type': 'myOrder', 'code': 'KRW-BTG', 'uuid': 'C0111000000105211532', 'ask_bid': 'BID', 'order_type': 'limit', 'state': 'done', 'trade_uuid': 'C0111000000014784890', 'price': 39600, 'volume': 45, 'remaining_volume': 0, 'executed_volume': 45, 'trades_count': 1, 'reserved_fee': 4455, 'remaining_fee': 4455, 'paid_fee': 0, 'executed_funds': 1782000, 'trade_timestamp': 1731511644823, 'order_timestamp': 1731511643452, 'timestamp': 1731511645009, 'stream_type': 'REALTIME'}
[00:27:25.207][MyApi]stop_threads 시작 C0111000000105211532
[00:27:25.235][17][up](ASK) 주문상태:wait, {'type': 'myOrder', 'code': 'KRW-BTG', 'uuid': 'e7641b79-8628-4af4-89b2-a0ee6741a90a', 'ask_bid': 'ASK', 'order_type': 'market', 'state': 'wait', 'trade_uuid': None, 'price': None, 'avg_price': 0, 'volume': 45, 'remaining_volume': 45, 'executed_volume': 0, 'trades_count': 0, 'reserved_fee': 0, 'remaining_fee': 0, 'paid_fee': 0, 'locked': 45, 'executed_funds': 0, 'time_in_force': None, 'trade_timestamp': None, 'order_timestamp': 1731511645000, 'timestamp': 1731511645220, 'stream_type': 'REALTIME'}
[00:27:25.265][17][up](ASK) 주문상태:trade, {'type': 'myOrder', 'code': 'KRW-BTG', 'uuid': 'e7641b79-8628-4af4-89b2-a0ee6741a90a', 'ask_bid': 'ASK', 'order_type': 'market', 'state': 'trade', 'trade_uuid': 'da42a4ea-5103-4802-9862-a8edba77f574', 'price': 39710, 'avg_price': 39690.145, 'volume': 27.1196093, 'remaining_volume': 0, 'executed_volume': 45, 'trades_count': 3, 'reserved_fee': 0, 'remaining_fee': 0, 'paid_fee': 893.475, 'locked': 0, 'executed_funds': 1786950, 'time_in_force': None, 'trade_timestamp': 1731511645196, 'order_timestamp': 1731511645000, 'timestamp': 1731511645254, 'stream_type': 'REALTIME'}
[00:27:25.265][17]up 77777777777 매도 완료 매수:C0111000000105211532, 매도:(e7641b79-8628-4af4-89b2-a0ee6741a90a), {'type': 'myOrder', 'code': 'KRW-BTG', 'uuid': 'e7641b79-8628-4af4-89b2-a0ee6741a90a', 'ask_bid': 'ASK', 'order_type': 'market', 'state': 'trade', 'trade_uuid': 'da42a4ea-5103-4802-9862-a8edba77f574', 'price': 39710, 'avg_price': 39690.145, 'volume': 27.1196093, 'remaining_volume': 0, 'executed_volume': 45, 'trades_count': 3, 'reserved_fee': 0, 'remaining_fee': 0, 'paid_fee': 893.475, 'locked': 0, 'executed_funds': 1786950, 'time_in_force': None, 'trade_timestamp': 1731511645196, 'order_timestamp': 1731511645000, 'timestamp': 1731511645254, 'stream_type': 'REALTIME'}
[00:27:25.289][17][up](ASK) 주문상태:trade, {'type': 'myOrder', 'code': 'KRW-BTG', 'uuid': 'e7641b79-8628-4af4-89b2-a0ee6741a90a', 'ask_bid': 'ASK', 'order_type': 'market', 'state': 'trade', 'trade_uuid': '33e876a1-9dbf-4184-b58a-15e51aee69f6', 'price': 39710, 'avg_price': 39690.145, 'volume': 11.48926921, 'remaining_volume': 0, 'executed_volume': 45, 'trades_count': 3, 'reserved_fee': 0, 'remaining_fee': 0, 'paid_fee': 893.475, 'locked': 0, 'executed_funds': 1786950, 'time_in_force': None, 'trade_timestamp': 1731511645196, 'order_timestamp': 1731511645000, 'timestamp': 1731511645255, 'stream_type': 'REALTIME'}
[00:27:25.289][17]up 77777777777 매도 완료 매수:C0111000000105211532, 매도:(e7641b79-8628-4af4-89b2-a0ee6741a90a), {'type': 'myOrder', 'code': 'KRW-BTG', 'uuid': 'e7641b79-8628-4af4-89b2-a0ee6741a90a', 'ask_bid': 'ASK', 'order_type': 'market', 'state': 'trade', 'trade_uuid': '33e876a1-9dbf-4184-b58a-15e51aee69f6', 'price': 39710, 'avg_price': 39690.145, 'volume': 11.48926921, 'remaining_volume': 0, 'executed_volume': 45, 'trades_count': 3, 'reserved_fee': 0, 'remaining_fee': 0, 'paid_fee': 893.475, 'locked': 0, 'executed_funds': 1786950, 'time_in_force': None, 'trade_timestamp': 1731511645196, 'order_timestamp': 1731511645000, 'timestamp': 1731511645255, 'stream_type': 'REALTIME'}
[00:27:25.298][17][up](ASK) 주문상태:trade, {'type': 'myOrder', 'code': 'KRW-BTG', 'uuid': 'e7641b79-8628-4af4-89b2-a0ee6741a90a', 'ask_bid': 'ASK', 'order_type': 'market', 'state': 'trade', 'trade_uuid': '58181518-10fc-4df2-80cf-f9ef6b9574e4', 'price': 39710, 'avg_price': 39690.145, 'volume': 6.39112149, 'remaining_volume': 0, 'executed_volume': 45, 'trades_count': 3, 'reserved_fee': 0, 'remaining_fee': 0, 'paid_fee': 893.475, 'locked': 0, 'executed_funds': 1786950, 'time_in_force': None, 'trade_timestamp': 1731511645196, 'order_timestamp': 1731511645000, 'timestamp': 1731511645256, 'stream_type': 'REALTIME'}
[00:27:25.298][17]up 77777777777 매도 완료 매수:C0111000000105211532, 매도:(e7641b79-8628-4af4-89b2-a0ee6741a90a), {'type': 'myOrder', 'code': 'KRW-BTG', 'uuid': 'e7641b79-8628-4af4-89b2-a0ee6741a90a', 'ask_bid': 'ASK', 'order_type': 'market', 'state': 'trade', 'trade_uuid': '58181518-10fc-4df2-80cf-f9ef6b9574e4', 'price': 39710, 'avg_price': 39690.145, 'volume': 6.39112149, 'remaining_volume': 0, 'executed_volume': 45, 'trades_count': 3, 'reserved_fee': 0, 'remaining_fee': 0, 'paid_fee': 893.475, 'locked': 0, 'executed_funds': 1786950, 'time_in_force': None, 'trade_timestamp': 1731511645196, 'order_timestamp': 1731511645000, 'timestamp': 1731511645256, 'stream_type': 'REALTIME'}
[00:27:25.302][17][up](ASK) 주문상태:done, {'type': 'myOrder', 'code': 'KRW-BTG', 'uuid': 'e7641b79-8628-4af4-89b2-a0ee6741a90a', 'ask_bid': 'ASK', 'order_type': 'market', 'state': 'done', 'trade_uuid': None, 'price': None, 'avg_price': 39690.145, 'volume': 45, 'remaining_volume': 0, 'executed_volume': 45, 'trades_count': 3, 'reserved_fee': 0, 'remaining_fee': 0, 'paid_fee': 893.475, 'locked': 0, 'executed_funds': 1786950, 'time_in_force': None, 'trade_timestamp': None, 'order_timestamp': 1731511645000, 'timestamp': 1731511645256, 'stream_type': 'REALTIME'}
[00:27:25.321][17]error insertTradeInfo  View None : sql:SELECT memid, coin, SUM(money) AS total_money FROM public.tradeinfo_view WHERE memid = 1 AND coin = 'btg' AND DATE(created_at) = CURRENT_DATE GROUP BY memid, coin
[00:27:25.451][17]빗썸탈출신청결과(C0111000000105211532) status_code:404 , {'error': {'name': 'order_not_found', 'message': '주문을 찾지 못했습니다.'}}
[00:27:25.457]빗썸 [17][MyApi]쓰레드 종료
[00:27:25.457][17] 666666666666666 [MyApi]stop_threads 종료 C0111000000105211532
[00:27:25.656]myOrder error:e7641b79-8628-4af4-89b2-a0ee6741a90a, {'type': 'myOrder', 'code': 'KRW-BTG', 'uuid': 'e7641b79-8628-4af4-89b2-a0ee6741a90a', 'ask_bid': 'ASK', 'order_type': 'market', 'state': 'trade', 'trade_uuid': '33e876a1-9dbf-4184-b58a-15e51aee69f6', 'price': 39710, 'avg_price': 39690.145, 'volume': 11.48926921, 'remaining_volume': 0, 'executed_volume': 45, 'trades_count': 3, 'reserved_fee': 0, 'remaining_fee': 0, 'paid_fee': 893.475, 'locked': 0, 'executed_funds': 1786950, 'time_in_force': None, 'trade_timestamp': 1731511645196, 'order_timestamp': 1731511645000, 'timestamp': 1731511645255, 'stream_type': 'REALTIME'}, e:Type(<class 'TypeError'>), Message(No message)
[00:27:27.279][18]빗썸탈출신청(C0111000000105211537) mode:1, 빗썸매수3까지 내려옴. 매수금액(39600.0), 매수2(39610.0)
[00:27:27.475][19]빗썸1111111111111매수신청 완료(C0111000000105211564), mode:1, result:{'uuid': 'C0111000000105211564', 'side': 'bid', 'ord_type': 'limit', 'price': '39610', 'state': 'wait', 'market': 'KRW-BTG', 'created_at': '2024-11-14T00:27:27+09:00', 'volume': '45', 'remaining_volume': '45', 'reserved_fee': '4456.125', 'remaining_fee': '4456.125', 'paid_fee': '0', 'locked': '1786907.125', 'executed_volume': '0', 'trades_count': 0}
[00:27:27.518][18]빗썸탈출신청결과(C0111000000105211537) status_code:200 , {'uuid': 'C0111000000105211537', 'side': 'bid', 'ord_type': 'limit', 'price': '39600', 'state': 'wait', 'market': 'KRW-BTG', 'created_at': '2024-11-14T00:27:24+09:00', 'volume': '45', 'remaining_volume': '45', 'reserved_fee': '4455', 'remaining_fee': '4455', 'paid_fee': '0', 'locked': '1786456', 'executed_volume': '0', 'trades_count': 0}
[00:27:27.537][19][bit](BID) 주문상태:wait, {'type': 'myOrder', 'code': 'KRW-BTG', 'uuid': 'C0111000000105211564', 'ask_bid': 'BID', 'order_type': 'limit', 'state': 'wait', 'trade_uuid': None, 'price': 39610, 'volume': 45, 'remaining_volume': 45, 'executed_volume': 0, 'trades_count': 0, 'reserved_fee': 4456.125, 'remaining_fee': 4456.125, 'paid_fee': 0, 'executed_funds': 0, 'trade_timestamp': None, 'order_timestamp': 1731511647393, 'timestamp': 1731511647504, 'stream_type': 'REALTIME'}
[00:27:27.539][19]bit22222222222222222 매수대기 (C0111000000105211564),{'type': 'myOrder', 'code': 'KRW-BTG', 'uuid': 'C0111000000105211564', 'ask_bid': 'BID', 'order_type': 'limit', 'state': 'wait', 'trade_uuid': None, 'price': 39610, 'volume': 45, 'remaining_volume': 45, 'executed_volume': 0, 'trades_count': 0, 'reserved_fee': 4456.125, 'remaining_fee': 4456.125, 'paid_fee': 0, 'executed_funds': 0, 'trade_timestamp': None, 'order_timestamp': 1731511647393, 'timestamp': 1731511647504, 'stream_type': 'REALTIME'}
[00:27:27.654][18][bit](BID) 주문상태:cancel, {'type': 'myOrder', 'code': 'KRW-BTG', 'uuid': 'C0111000000105211537', 'ask_bid': 'BID', 'order_type': 'limit', 'state': 'cancel', 'trade_uuid': None, 'price': 39600, 'volume': 45, 'remaining_volume': 45, 'executed_volume': 0, 'trades_count': 0, 'reserved_fee': 4455, 'remaining_fee': 4455, 'paid_fee': 0, 'executed_funds': 0, 'trade_timestamp': None, 'order_timestamp': 1731511644304, 'timestamp': 1731511647612, 'stream_type': 'REALTIME'}
[00:27:27.654][18]bit33333333333333333 매수취소(C0111000000105211537), {'type': 'myOrder', 'code': 'KRW-BTG', 'uuid': 'C0111000000105211537', 'ask_bid': 'BID', 'order_type': 'limit', 'state': 'cancel', 'trade_uuid': None, 'price': 39600, 'volume': 45, 'remaining_volume': 45, 'executed_volume': 0, 'trades_count': 0, 'reserved_fee': 4455, 'remaining_fee': 4455, 'paid_fee': 0, 'executed_funds': 0, 'trade_timestamp': None, 'order_timestamp': 1731511644304, 'timestamp': 1731511647612, 'stream_type': 'REALTIME'}
[00:27:27.654][18]bit 4444444444444 쓰레드 정리 isclear isClear(C0111000000105211537), 남은양:45.0, {'type': 'myOrder', 'code': 'KRW-BTG', 'uuid': 'C0111000000105211537', 'ask_bid': 'BID', 'order_type': 'limit', 'state': 'cancel', 'trade_uuid': None, 'price': 39600, 'volume': 45, 'remaining_volume': 45, 'executed_volume': 0, 'trades_count': 0, 'reserved_fee': 4455, 'remaining_fee': 4455, 'paid_fee': 0, 'executed_funds': 0, 'trade_timestamp': None, 'order_timestamp': 1731511644304, 'timestamp': 1731511647612, 'stream_type': 'REALTIME'}
[00:27:27.655][MyApi]stop_threads 시작 C0111000000105211537
[00:27:27.657]빗썸 [18][MyApi]쓰레드 종료
[00:27:27.657][18] 666666666666666 [MyApi]stop_threads 종료 C0111000000105211537
[00:27:28.335][20]빗썸1111111111111매수신청 완료(C0111000000105211570), mode:1, result:{'uuid': 'C0111000000105211570', 'side': 'bid', 'ord_type': 'limit', 'price': '39610', 'state': 'wait', 'market': 'KRW-BTG', 'created_at': '2024-11-14T00:27:28+09:00', 'volume': '45', 'remaining_volume': '45', 'reserved_fee': '4456.125', 'remaining_fee': '4456.125', 'paid_fee': '0', 'locked': '1786907.125', 'executed_volume': '0', 'trades_count': 0}
[00:27:28.398][20][bit](BID) 주문상태:wait, {'type': 'myOrder', 'code': 'KRW-BTG', 'uuid': 'C0111000000105211570', 'ask_bid': 'BID', 'order_type': 'limit', 'state': 'wait', 'trade_uuid': None, 'price': 39610, 'volume': 45, 'remaining_volume': 45, 'executed_volume': 0, 'trades_count': 0, 'reserved_fee': 4456.125, 'remaining_fee': 4456.125, 'paid_fee': 0, 'executed_funds': 0, 'trade_timestamp': None, 'order_timestamp': 1731511648265, 'timestamp': 1731511648366, 'stream_type': 'REALTIME'}
[00:27:28.400][20]bit22222222222222222 매수대기 (C0111000000105211570),{'type': 'myOrder', 'code': 'KRW-BTG', 'uuid': 'C0111000000105211570', 'ask_bid': 'BID', 'order_type': 'limit', 'state': 'wait', 'trade_uuid': None, 'price': 39610, 'volume': 45, 'remaining_volume': 45, 'executed_volume': 0, 'trades_count': 0, 'reserved_fee': 4456.125, 'remaining_fee': 4456.125, 'paid_fee': 0, 'executed_funds': 0, 'trade_timestamp': None, 'order_timestamp': 1731511648265, 'timestamp': 1731511648366, 'stream_type': 'REALTIME'}
[00:27:29.411][21]빗썸1111111111111매수신청 완료(C0111000000105211582), mode:1, result:{'uuid': 'C0111000000105211582', 'side': 'bid', 'ord_type': 'limit', 'price': '39610', 'state': 'wait', 'market': 'KRW-BTG', 'created_at': '2024-11-14T00:27:29+09:00', 'volume': '45', 'remaining_volume': '45', 'reserved_fee': '4456.125', 'remaining_fee': '4456.125', 'paid_fee': '0', 'locked': '1786907.125', 'executed_volume': '0', 'trades_count': 0}
[00:27:29.635][21][bit](BID) 주문상태:wait, {'type': 'myOrder', 'code': 'KRW-BTG', 'uuid': 'C0111000000105211582', 'ask_bid': 'BID', 'order_type': 'limit', 'state': 'wait', 'trade_uuid': None, 'price': 39610, 'volume': 45, 'remaining_volume': 45, 'executed_volume': 0, 'trades_count': 0, 'reserved_fee': 4456.125, 'remaining_fee': 4456.125, 'paid_fee': 0, 'executed_funds': 0, 'trade_timestamp': None, 'order_timestamp': 1731511649347, 'timestamp': 1731511649602, 'stream_type': 'REALTIME'}
[00:27:29.637][21]bit22222222222222222 매수대기 (C0111000000105211582),{'type': 'myOrder', 'code': 'KRW-BTG', 'uuid': 'C0111000000105211582', 'ask_bid': 'BID', 'order_type': 'limit', 'state': 'wait', 'trade_uuid': None, 'price': 39610, 'volume': 45, 'remaining_volume': 45, 'executed_volume': 0, 'trades_count': 0, 'reserved_fee': 4456.125, 'remaining_fee': 4456.125, 'paid_fee': 0, 'executed_funds': 0, 'trade_timestamp': None, 'order_timestamp': 1731511649347, 'timestamp': 1731511649602, 'stream_type': 'REALTIME'}
[00:27:30.061][21]빗썸탈출신청(C0111000000105211582) mode:1, 빗썸매수3까지 내려옴. 매수금액(39610.0), 매수2(39620.0)
[00:27:30.061][19]빗썸탈출신청(C0111000000105211564) mode:1, 빗썸매수3까지 내려옴. 매수금액(39610.0), 매수2(39620.0)
[00:27:30.061][20]빗썸탈출신청(C0111000000105211570) mode:1, 빗썸매수3까지 내려옴. 매수금액(39610.0), 매수2(39620.0)
[00:27:30.414][21]빗썸탈출신청결과(C0111000000105211582) status_code:200 , {'uuid': 'C0111000000105211582', 'side': 'bid', 'ord_type': 'limit', 'price': '39610', 'state': 'wait', 'market': 'KRW-BTG', 'created_at': '2024-11-14T00:27:29+09:00', 'volume': '45', 'remaining_volume': '45', 'reserved_fee': '4456.125', 'remaining_fee': '4456.125', 'paid_fee': '0', 'locked': '1786907.125', 'executed_volume': '0', 'trades_count': 0}
[00:27:30.420][19]빗썸탈출신청결과(C0111000000105211564) status_code:200 , {'uuid': 'C0111000000105211564', 'side': 'bid', 'ord_type': 'limit', 'price': '39610', 'state': 'wait', 'market': 'KRW-BTG', 'created_at': '2024-11-14T00:27:27+09:00', 'volume': '45', 'remaining_volume': '45', 'reserved_fee': '4456.125', 'remaining_fee': '4456.125', 'paid_fee': '0', 'locked': '1786907.125', 'executed_volume': '0', 'trades_count': 0}
[00:27:30.424][20]빗썸탈출신청결과(C0111000000105211570) status_code:200 , {'uuid': 'C0111000000105211570', 'side': 'bid', 'ord_type': 'limit', 'price': '39610', 'state': 'wait', 'market': 'KRW-BTG', 'created_at': '2024-11-14T00:27:28+09:00', 'volume': '45', 'remaining_volume': '45', 'reserved_fee': '4456.125', 'remaining_fee': '4456.125', 'paid_fee': '0', 'locked': '1786907.125', 'executed_volume': '0', 'trades_count': 0}
[00:27:30.658][21][bit](BID) 주문상태:cancel, {'type': 'myOrder', 'code': 'KRW-BTG', 'uuid': 'C0111000000105211582', 'ask_bid': 'BID', 'order_type': 'limit', 'state': 'cancel', 'trade_uuid': None, 'price': 39610, 'volume': 45, 'remaining_volume': 45, 'executed_volume': 0, 'trades_count': 0, 'reserved_fee': 4456.125, 'remaining_fee': 4456.125, 'paid_fee': 0, 'executed_funds': 0, 'trade_timestamp': None, 'order_timestamp': 1731511649347, 'timestamp': 1731511650625, 'stream_type': 'REALTIME'}
[00:27:30.659][21]bit33333333333333333 매수취소(C0111000000105211582), {'type': 'myOrder', 'code': 'KRW-BTG', 'uuid': 'C0111000000105211582', 'ask_bid': 'BID', 'order_type': 'limit', 'state': 'cancel', 'trade_uuid': None, 'price': 39610, 'volume': 45, 'remaining_volume': 45, 'executed_volume': 0, 'trades_count': 0, 'reserved_fee': 4456.125, 'remaining_fee': 4456.125, 'paid_fee': 0, 'executed_funds': 0, 'trade_timestamp': None, 'order_timestamp': 1731511649347, 'timestamp': 1731511650625, 'stream_type': 'REALTIME'}
[00:27:30.659][21]bit 4444444444444 쓰레드 정리 isclear isClear(C0111000000105211582), 남은양:45.0, {'type': 'myOrder', 'code': 'KRW-BTG', 'uuid': 'C0111000000105211582', 'ask_bid': 'BID', 'order_type': 'limit', 'state': 'cancel', 'trade_uuid': None, 'price': 39610, 'volume': 45, 'remaining_volume': 45, 'executed_volume': 0, 'trades_count': 0, 'reserved_fee': 4456.125, 'remaining_fee': 4456.125, 'paid_fee': 0, 'executed_funds': 0, 'trade_timestamp': None, 'order_timestamp': 1731511649347, 'timestamp': 1731511650625, 'stream_type': 'REALTIME'}
[00:27:30.660][MyApi]stop_threads 시작 C0111000000105211582
[00:27:30.660][20]빗썸탈출신청(C0111000000105211570) mode:1, 빗썸매수3까지 내려옴. 매수금액(39610.0), 매수2(39690.0)
[00:27:30.660][19]빗썸탈출신청(C0111000000105211564) mode:1, 빗썸매수3까지 내려옴. 매수금액(39610.0), 매수2(39690.0)
[00:27:30.662]빗썸 [21][MyApi]쓰레드 종료
[00:27:30.663][21] 666666666666666 [MyApi]stop_threads 종료 C0111000000105211582
[00:27:30.670][19][bit](BID) 주문상태:cancel, {'type': 'myOrder', 'code': 'KRW-BTG', 'uuid': 'C0111000000105211564', 'ask_bid': 'BID', 'order_type': 'limit', 'state': 'cancel', 'trade_uuid': None, 'price': 39610, 'volume': 45, 'remaining_volume': 45, 'executed_volume': 0, 'trades_count': 0, 'reserved_fee': 4456.125, 'remaining_fee': 4456.125, 'paid_fee': 0, 'executed_funds': 0, 'trade_timestamp': None, 'order_timestamp': 1731511647393, 'timestamp': 1731511650626, 'stream_type': 'REALTIME'}
[00:27:30.670][19]bit33333333333333333 매수취소(C0111000000105211564), {'type': 'myOrder', 'code': 'KRW-BTG', 'uuid': 'C0111000000105211564', 'ask_bid': 'BID', 'order_type': 'limit', 'state': 'cancel', 'trade_uuid': None, 'price': 39610, 'volume': 45, 'remaining_volume': 45, 'executed_volume': 0, 'trades_count': 0, 'reserved_fee': 4456.125, 'remaining_fee': 4456.125, 'paid_fee': 0, 'executed_funds': 0, 'trade_timestamp': None, 'order_timestamp': 1731511647393, 'timestamp': 1731511650626, 'stream_type': 'REALTIME'}
[00:27:30.670][19]bit 4444444444444 쓰레드 정리 isclear isClear(C0111000000105211564), 남은양:45.0, {'type': 'myOrder', 'code': 'KRW-BTG', 'uuid': 'C0111000000105211564', 'ask_bid': 'BID', 'order_type': 'limit', 'state': 'cancel', 'trade_uuid': None, 'price': 39610, 'volume': 45, 'remaining_volume': 45, 'executed_volume': 0, 'trades_count': 0, 'reserved_fee': 4456.125, 'remaining_fee': 4456.125, 'paid_fee': 0, 'executed_funds': 0, 'trade_timestamp': None, 'order_timestamp': 1731511647393, 'timestamp': 1731511650626, 'stream_type': 'REALTIME'}
[00:27:30.672][20][bit](BID) 주문상태:cancel, {'type': 'myOrder', 'code': 'KRW-BTG', 'uuid': 'C0111000000105211570', 'ask_bid': 'BID', 'order_type': 'limit', 'state': 'cancel', 'trade_uuid': None, 'price': 39610, 'volume': 45, 'remaining_volume': 45, 'executed_volume': 0, 'trades_count': 0, 'reserved_fee': 4456.125, 'remaining_fee': 4456.125, 'paid_fee': 0, 'executed_funds': 0, 'trade_timestamp': None, 'order_timestamp': 1731511648265, 'timestamp': 1731511650626, 'stream_type': 'REALTIME'}
[00:27:30.672][20]bit33333333333333333 매수취소(C0111000000105211570), {'type': 'myOrder', 'code': 'KRW-BTG', 'uuid': 'C0111000000105211570', 'ask_bid': 'BID', 'order_type': 'limit', 'state': 'cancel', 'trade_uuid': None, 'price': 39610, 'volume': 45, 'remaining_volume': 45, 'executed_volume': 0, 'trades_count': 0, 'reserved_fee': 4456.125, 'remaining_fee': 4456.125, 'paid_fee': 0, 'executed_funds': 0, 'trade_timestamp': None, 'order_timestamp': 1731511648265, 'timestamp': 1731511650626, 'stream_type': 'REALTIME'}
[00:27:30.672][20]bit 4444444444444 쓰레드 정리 isclear isClear(C0111000000105211570), 남은양:45.0, {'type': 'myOrder', 'code': 'KRW-BTG', 'uuid': 'C0111000000105211570', 'ask_bid': 'BID', 'order_type': 'limit', 'state': 'cancel', 'trade_uuid': None, 'price': 39610, 'volume': 45, 'remaining_volume': 45, 'executed_volume': 0, 'trades_count': 0, 'reserved_fee': 4456.125, 'remaining_fee': 4456.125, 'paid_fee': 0, 'executed_funds': 0, 'trade_timestamp': None, 'order_timestamp': 1731511648265, 'timestamp': 1731511650626, 'stream_type': 'REALTIME'}
[00:27:30.677][MyApi]stop_threads 시작 C0111000000105211570
[00:27:30.679][MyApi]stop_threads 시작 C0111000000105211564
[00:27:30.914][19]빗썸탈출신청결과(C0111000000105211564) status_code:404 , {'error': {'name': 'order_not_found', 'message': '주문을 찾지 못했습니다.'}}
[00:27:30.919]빗썸 [19][MyApi]쓰레드 종료
[00:27:30.919][19] 666666666666666 [MyApi]stop_threads 종료 C0111000000105211564
[00:27:30.928][20]빗썸탈출신청결과(C0111000000105211570) status_code:404 , {'error': {'name': 'order_not_found', 'message': '주문을 찾지 못했습니다.'}}
[00:27:30.932]빗썸 [20][MyApi]쓰레드 종료
[00:27:30.932][20] 666666666666666 [MyApi]stop_threads 종료 C0111000000105211570
[00:28:04.738][22]빗썸1111111111111매수신청 완료(C0111000000105211904), mode:1, result:{'uuid': 'C0111000000105211904', 'side': 'bid', 'ord_type': 'limit', 'price': '39630', 'state': 'wait', 'market': 'KRW-BTG', 'created_at': '2024-11-14T00:28:04+09:00', 'volume': '45', 'remaining_volume': '45', 'reserved_fee': '4458.375', 'remaining_fee': '4458.375', 'paid_fee': '0', 'locked': '1787809.375', 'executed_volume': '0', 'trades_count': 0}
[00:28:04.847][22][bit](BID) 주문상태:wait, {'type': 'myOrder', 'code': 'KRW-BTG', 'uuid': 'C0111000000105211904', 'ask_bid': 'BID', 'order_type': 'limit', 'state': 'wait', 'trade_uuid': None, 'price': 39630, 'volume': 45, 'remaining_volume': 45, 'executed_volume': 0, 'trades_count': 0, 'reserved_fee': 4458.375, 'remaining_fee': 4458.375, 'paid_fee': 0, 'executed_funds': 0, 'trade_timestamp': None, 'order_timestamp': 1731511684671, 'timestamp': 1731511684807, 'stream_type': 'REALTIME'}
[00:28:04.849][22]bit22222222222222222 매수대기 (C0111000000105211904),{'type': 'myOrder', 'code': 'KRW-BTG', 'uuid': 'C0111000000105211904', 'ask_bid': 'BID', 'order_type': 'limit', 'state': 'wait', 'trade_uuid': None, 'price': 39630, 'volume': 45, 'remaining_volume': 45, 'executed_volume': 0, 'trades_count': 0, 'reserved_fee': 4458.375, 'remaining_fee': 4458.375, 'paid_fee': 0, 'executed_funds': 0, 'trade_timestamp': None, 'order_timestamp': 1731511684671, 'timestamp': 1731511684807, 'stream_type': 'REALTIME'}
[00:28:05.573][23]빗썸1111111111111매수신청 완료(C0111000000105211914), mode:1, result:{'uuid': 'C0111000000105211914', 'side': 'bid', 'ord_type': 'limit', 'price': '39640', 'state': 'wait', 'market': 'KRW-BTG', 'created_at': '2024-11-14T00:28:05+09:00', 'volume': '45', 'remaining_volume': '45', 'reserved_fee': '4459.5', 'remaining_fee': '4459.5', 'paid_fee': '0', 'locked': '1788260.5', 'executed_volume': '0', 'trades_count': 0}
[00:28:05.699][23][bit](BID) 주문상태:wait, {'type': 'myOrder', 'code': 'KRW-BTG', 'uuid': 'C0111000000105211914', 'ask_bid': 'BID', 'order_type': 'limit', 'state': 'wait', 'trade_uuid': None, 'price': 39640, 'volume': 45, 'remaining_volume': 45, 'executed_volume': 0, 'trades_count': 0, 'reserved_fee': 4459.5, 'remaining_fee': 4459.5, 'paid_fee': 0, 'executed_funds': 0, 'trade_timestamp': None, 'order_timestamp': 1731511685490, 'timestamp': 1731511685661, 'stream_type': 'REALTIME'}
