SELECT * FROM public.member WHERE memid = 1
1
[2024-11-10 20:33:15.316]wsClass,init,XRP,bit
[2024-11-10 20:33:15.317]wsClass,init,XRP,up
[2024-11-10 20:33:15.349]wsClass,connected,XRP,up
[2024-11-10 20:33:15.381]wsClass,connected,XRP,bit
[2024-11-10 20:33:15.386]wsPrivateClass,connected,XRP,bit
[2024-11-10 20:33:15.573]wsPrivateClass,connected,XRP,up
[20:33:15.681]코인 오버 [12727.99/9751.0], 1회 거래량:3000.0, 빗썸:2999.6, 업빗:9728.39
[21:29:45.955]kill로 인한 프로그램 종료 시작 [0/5]
[2024-11-10 21:29:45.967]wsClass,close,XRP,bit,status_code:None,msg:None
[2024-11-10 21:29:45.986]wsPrivateClass,close,XRP,upstatus_code:None,msg:None
[21:29:45.989]kill로 인한 프로그램 종료 시작 [0/5]
kill에 의한 종료
[2024-11-10 21:29:52.663]wsPrivateClass,close,XRP,bitstatus_code:None,msg:None
[2024-11-10 21:29:55.899]wsClass,close,XRP,up,status_code:None,msg:None
SELECT * FROM public.member WHERE memid = 1
1
[2024-11-10 21:30:06.899]wsClass,init,XRP,bit
[2024-11-10 21:30:06.900]wsClass,init,XRP,up
[2024-11-10 21:30:06.923]wsClass,connected,XRP,up
[2024-11-10 21:30:06.996]wsPrivateClass,connected,XRP,bit
[2024-11-10 21:30:07.030]wsClass,connected,XRP,bit
[2024-11-10 21:30:07.149]wsPrivateClass,connected,XRP,up
[21:30:07.215]코인 오버 [12727.99/9751.0], 1회 거래량:3000.0, 빗썸:2999.6, 업빗:9728.39
[21:31:23.631][up]프로그램으로 신청한게 아닌거 같음. 확인 필요.5510518f-ed29-4d87-97e8-cafb9f15e442, wait, {'type': 'myOrder', 'code': 'KRW-XRP', 'uuid': '5510518f-ed29-4d87-97e8-cafb9f15e442', 'ask_bid': 'ASK', 'order_type': 'limit', 'state': 'wait', 'trade_uuid': None, 'price': 820, 'avg_price': 0, 'volume': 3000, 'remaining_volume': 3000, 'executed_volume': 0, 'trades_count': 0, 'reserved_fee': 0, 'remaining_fee': 0, 'paid_fee': 0, 'locked': 3000, 'executed_funds': 0, 'time_in_force': None, 'trade_timestamp': None, 'order_timestamp': 1731241883000, 'timestamp': 1731241883615, 'stream_type': 'REALTIME'}
[21:31:24.672][1]빗썸1111111111111매수신청 완료(C0106000000743346835), mode:1, result:{'uuid': 'C0106000000743346835', 'side': 'bid', 'ord_type': 'limit', 'price': '818', 'state': 'wait', 'market': 'KRW-XRP', 'created_at': '2024-11-10T21:31:24+09:00', 'volume': '3000', 'remaining_volume': '3000', 'reserved_fee': '6135', 'remaining_fee': '6135', 'paid_fee': '0', 'locked': '2460136', 'executed_volume': '0', 'trades_count': 0}
[21:31:24.720][1][bit](BID) 주문상태:wait, {'type': 'myOrder', 'code': 'KRW-XRP', 'uuid': 'C0106000000743346835', 'ask_bid': 'BID', 'order_type': 'limit', 'state': 'wait', 'trade_uuid': None, 'price': 818, 'volume': 3000, 'remaining_volume': 3000, 'executed_volume': 0, 'trades_count': 0, 'reserved_fee': 6135, 'remaining_fee': 6135, 'paid_fee': 0, 'executed_funds': 0, 'trade_timestamp': None, 'order_timestamp': 1731241884585, 'timestamp': 1731241884709, 'stream_type': 'REALTIME'}
[21:31:24.722][1]bit22222222222222222 매수대기 (C0106000000743346835),{'type': 'myOrder', 'code': 'KRW-XRP', 'uuid': 'C0106000000743346835', 'ask_bid': 'BID', 'order_type': 'limit', 'state': 'wait', 'trade_uuid': None, 'price': 818, 'volume': 3000, 'remaining_volume': 3000, 'executed_volume': 0, 'trades_count': 0, 'reserved_fee': 6135, 'remaining_fee': 6135, 'paid_fee': 0, 'executed_funds': 0, 'trade_timestamp': None, 'order_timestamp': 1731241884585, 'timestamp': 1731241884709, 'stream_type': 'REALTIME'}
[21:31:25.688][2]빗썸1111111111111매수신청 완료(C0106000000743346847), mode:1, result:{'uuid': 'C0106000000743346847', 'side': 'bid', 'ord_type': 'limit', 'price': '818', 'state': 'wait', 'market': 'KRW-XRP', 'created_at': '2024-11-10T21:31:25+09:00', 'volume': '3000', 'remaining_volume': '3000', 'reserved_fee': '6135', 'remaining_fee': '6135', 'paid_fee': '0', 'locked': '2460136', 'executed_volume': '0', 'trades_count': 0}
[21:31:25.766][2][bit](BID) 주문상태:wait, {'type': 'myOrder', 'code': 'KRW-XRP', 'uuid': 'C0106000000743346847', 'ask_bid': 'BID', 'order_type': 'limit', 'state': 'wait', 'trade_uuid': None, 'price': 818, 'volume': 3000, 'remaining_volume': 3000, 'executed_volume': 0, 'trades_count': 0, 'reserved_fee': 6135, 'remaining_fee': 6135, 'paid_fee': 0, 'executed_funds': 0, 'trade_timestamp': None, 'order_timestamp': 1731241885596, 'timestamp': 1731241885756, 'stream_type': 'REALTIME'}
[21:31:25.767][2]bit22222222222222222 매수대기 (C0106000000743346847),{'type': 'myOrder', 'code': 'KRW-XRP', 'uuid': 'C0106000000743346847', 'ask_bid': 'BID', 'order_type': 'limit', 'state': 'wait', 'trade_uuid': None, 'price': 818, 'volume': 3000, 'remaining_volume': 3000, 'executed_volume': 0, 'trades_count': 0, 'reserved_fee': 6135, 'remaining_fee': 6135, 'paid_fee': 0, 'executed_funds': 0, 'trade_timestamp': None, 'order_timestamp': 1731241885596, 'timestamp': 1731241885756, 'stream_type': 'REALTIME'}
[21:31:26.721][3]빗썸1111111111111매수신청 완료(C0106000000743346861), mode:1, result:{'uuid': 'C0106000000743346861', 'side': 'bid', 'ord_type': 'limit', 'price': '818', 'state': 'wait', 'market': 'KRW-XRP', 'created_at': '2024-11-10T21:31:26+09:00', 'volume': '728.39', 'remaining_volume': '728.39', 'reserved_fee': '1489.55755', 'remaining_fee': '1489.55755', 'paid_fee': '0', 'locked': '597313.57755', 'executed_volume': '0', 'trades_count': 0}
[21:31:26.779][3][bit](BID) 주문상태:wait, {'type': 'myOrder', 'code': 'KRW-XRP', 'uuid': 'C0106000000743346861', 'ask_bid': 'BID', 'order_type': 'limit', 'state': 'wait', 'trade_uuid': None, 'price': 818, 'volume': 728.39, 'remaining_volume': 728.39, 'executed_volume': 0, 'trades_count': 0, 'reserved_fee': 1489.55755, 'remaining_fee': 1489.55755, 'paid_fee': 0, 'executed_funds': 0, 'trade_timestamp': None, 'order_timestamp': 1731241886621, 'timestamp': 1731241886771, 'stream_type': 'REALTIME'}
[21:31:26.781][3]bit22222222222222222 매수대기 (C0106000000743346861),{'type': 'myOrder', 'code': 'KRW-XRP', 'uuid': 'C0106000000743346861', 'ask_bid': 'BID', 'order_type': 'limit', 'state': 'wait', 'trade_uuid': None, 'price': 818, 'volume': 728.39, 'remaining_volume': 728.39, 'executed_volume': 0, 'trades_count': 0, 'reserved_fee': 1489.55755, 'remaining_fee': 1489.55755, 'paid_fee': 0, 'executed_funds': 0, 'trade_timestamp': None, 'order_timestamp': 1731241886621, 'timestamp': 1731241886771, 'stream_type': 'REALTIME'}
[21:32:12.890][up]프로그램으로 신청한게 아닌거 같음. 확인 필요.5510518f-ed29-4d87-97e8-cafb9f15e442, cancel, {'type': 'myOrder', 'code': 'KRW-XRP', 'uuid': '5510518f-ed29-4d87-97e8-cafb9f15e442', 'ask_bid': 'ASK', 'order_type': 'limit', 'state': 'cancel', 'trade_uuid': None, 'price': 820, 'avg_price': 0, 'volume': 3000, 'remaining_volume': 3000, 'executed_volume': 0, 'trades_count': 0, 'reserved_fee': 0, 'remaining_fee': 0, 'paid_fee': 0, 'locked': 3000, 'executed_funds': 0, 'time_in_force': None, 'trade_timestamp': None, 'order_timestamp': 1731241883000, 'timestamp': 1731241932882, 'stream_type': 'REALTIME'}
[21:32:12.990]코인 오버 [12727.99/9751.0], 1회 거래량:3000.0, 빗썸:2999.6, 업빗:9728.39
[21:32:35.144][3]빗썸탈출신청(C0106000000743346861) mode:1, 빗썸매수3까지 내려옴. 매수금액(818.0), 매수2(819.0)
[21:32:35.144][2]빗썸탈출신청(C0106000000743346847) mode:1, 빗썸매수3까지 내려옴. 매수금액(818.0), 매수2(819.0)
[21:32:35.144][1]빗썸탈출신청(C0106000000743346835) mode:1, 빗썸매수3까지 내려옴. 매수금액(818.0), 매수2(819.0)
[21:32:35.465][3]빗썸탈출신청결과(C0106000000743346861) status_code:200 , {'uuid': 'C0106000000743346861', 'side': 'bid', 'ord_type': 'limit', 'price': '818', 'state': 'wait', 'market': 'KRW-XRP', 'created_at': '2024-11-10T21:31:26+09:00', 'volume': '728.39', 'remaining_volume': '728.39', 'reserved_fee': '1489.55755', 'remaining_fee': '1489.55755', 'paid_fee': '0', 'locked': '597313.57755', 'executed_volume': '0', 'trades_count': 0}
[21:32:35.491][2]빗썸탈출신청결과(C0106000000743346847) status_code:200 , {'uuid': 'C0106000000743346847', 'side': 'bid', 'ord_type': 'limit', 'price': '818', 'state': 'wait', 'market': 'KRW-XRP', 'created_at': '2024-11-10T21:31:25+09:00', 'volume': '3000', 'remaining_volume': '3000', 'reserved_fee': '6135', 'remaining_fee': '6135', 'paid_fee': '0', 'locked': '2460136', 'executed_volume': '0', 'trades_count': 0}
[21:32:35.501][1]빗썸탈출신청결과(C0106000000743346835) status_code:200 , {'uuid': 'C0106000000743346835', 'side': 'bid', 'ord_type': 'limit', 'price': '818', 'state': 'wait', 'market': 'KRW-XRP', 'created_at': '2024-11-10T21:31:24+09:00', 'volume': '3000', 'remaining_volume': '3000', 'reserved_fee': '6135', 'remaining_fee': '6135', 'paid_fee': '0', 'locked': '2460136', 'executed_volume': '0', 'trades_count': 0}
[21:32:35.517][3][bit](BID) 주문상태:cancel, {'type': 'myOrder', 'code': 'KRW-XRP', 'uuid': 'C0106000000743346861', 'ask_bid': 'BID', 'order_type': 'limit', 'state': 'cancel', 'trade_uuid': None, 'price': 818, 'volume': 728.39, 'remaining_volume': 728.39, 'executed_volume': 0, 'trades_count': 0, 'reserved_fee': 1489.55755, 'remaining_fee': 1489.55755, 'paid_fee': 0, 'executed_funds': 0, 'trade_timestamp': None, 'order_timestamp': 1731241886621, 'timestamp': 1731241955507, 'stream_type': 'REALTIME'}
[21:32:35.517][3]bit33333333333333333 매수취소(C0106000000743346861), {'type': 'myOrder', 'code': 'KRW-XRP', 'uuid': 'C0106000000743346861', 'ask_bid': 'BID', 'order_type': 'limit', 'state': 'cancel', 'trade_uuid': None, 'price': 818, 'volume': 728.39, 'remaining_volume': 728.39, 'executed_volume': 0, 'trades_count': 0, 'reserved_fee': 1489.55755, 'remaining_fee': 1489.55755, 'paid_fee': 0, 'executed_funds': 0, 'trade_timestamp': None, 'order_timestamp': 1731241886621, 'timestamp': 1731241955507, 'stream_type': 'REALTIME'}
[21:32:35.517][3]bit 4444444444444 쓰레드 정리 isclear isClear(C0106000000743346861), 남은양:728.39, {'type': 'myOrder', 'code': 'KRW-XRP', 'uuid': 'C0106000000743346861', 'ask_bid': 'BID', 'order_type': 'limit', 'state': 'cancel', 'trade_uuid': None, 'price': 818, 'volume': 728.39, 'remaining_volume': 728.39, 'executed_volume': 0, 'trades_count': 0, 'reserved_fee': 1489.55755, 'remaining_fee': 1489.55755, 'paid_fee': 0, 'executed_funds': 0, 'trade_timestamp': None, 'order_timestamp': 1731241886621, 'timestamp': 1731241955507, 'stream_type': 'REALTIME'}
[21:32:35.518][MyApi]stop_threads 시작 C0106000000743346861
[21:32:35.518][2]빗썸탈출신청(C0106000000743346847) mode:1, 빗썸매수3까지 내려옴. 매수금액(818.0), 매수2(819.0)
[21:32:35.518][1]빗썸탈출신청(C0106000000743346835) mode:1, 빗썸매수3까지 내려옴. 매수금액(818.0), 매수2(819.0)
[21:32:35.519]빗썸 [3][MyApi]쓰레드 종료
[21:32:35.519][3] 666666666666666 [MyApi]stop_threads 종료 C0106000000743346861
[21:32:35.565][2][bit](BID) 주문상태:cancel, {'type': 'myOrder', 'code': 'KRW-XRP', 'uuid': 'C0106000000743346847', 'ask_bid': 'BID', 'order_type': 'limit', 'state': 'cancel', 'trade_uuid': None, 'price': 818, 'volume': 3000, 'remaining_volume': 3000, 'executed_volume': 0, 'trades_count': 0, 'reserved_fee': 6135, 'remaining_fee': 6135, 'paid_fee': 0, 'executed_funds': 0, 'trade_timestamp': None, 'order_timestamp': 1731241885596, 'timestamp': 1731241955550, 'stream_type': 'REALTIME'}
[21:32:35.565][2]bit33333333333333333 매수취소(C0106000000743346847), {'type': 'myOrder', 'code': 'KRW-XRP', 'uuid': 'C0106000000743346847', 'ask_bid': 'BID', 'order_type': 'limit', 'state': 'cancel', 'trade_uuid': None, 'price': 818, 'volume': 3000, 'remaining_volume': 3000, 'executed_volume': 0, 'trades_count': 0, 'reserved_fee': 6135, 'remaining_fee': 6135, 'paid_fee': 0, 'executed_funds': 0, 'trade_timestamp': None, 'order_timestamp': 1731241885596, 'timestamp': 1731241955550, 'stream_type': 'REALTIME'}
[21:32:35.565][2]bit 4444444444444 쓰레드 정리 isclear isClear(C0106000000743346847), 남은양:3000.0, {'type': 'myOrder', 'code': 'KRW-XRP', 'uuid': 'C0106000000743346847', 'ask_bid': 'BID', 'order_type': 'limit', 'state': 'cancel', 'trade_uuid': None, 'price': 818, 'volume': 3000, 'remaining_volume': 3000, 'executed_volume': 0, 'trades_count': 0, 'reserved_fee': 6135, 'remaining_fee': 6135, 'paid_fee': 0, 'executed_funds': 0, 'trade_timestamp': None, 'order_timestamp': 1731241885596, 'timestamp': 1731241955550, 'stream_type': 'REALTIME'}
[21:32:35.575][MyApi]stop_threads 시작 C0106000000743346847
[21:32:35.577][1][bit](BID) 주문상태:cancel, {'type': 'myOrder', 'code': 'KRW-XRP', 'uuid': 'C0106000000743346835', 'ask_bid': 'BID', 'order_type': 'limit', 'state': 'cancel', 'trade_uuid': None, 'price': 818, 'volume': 3000, 'remaining_volume': 3000, 'executed_volume': 0, 'trades_count': 0, 'reserved_fee': 6135, 'remaining_fee': 6135, 'paid_fee': 0, 'executed_funds': 0, 'trade_timestamp': None, 'order_timestamp': 1731241884585, 'timestamp': 1731241955550, 'stream_type': 'REALTIME'}
[21:32:35.577][1]bit33333333333333333 매수취소(C0106000000743346835), {'type': 'myOrder', 'code': 'KRW-XRP', 'uuid': 'C0106000000743346835', 'ask_bid': 'BID', 'order_type': 'limit', 'state': 'cancel', 'trade_uuid': None, 'price': 818, 'volume': 3000, 'remaining_volume': 3000, 'executed_volume': 0, 'trades_count': 0, 'reserved_fee': 6135, 'remaining_fee': 6135, 'paid_fee': 0, 'executed_funds': 0, 'trade_timestamp': None, 'order_timestamp': 1731241884585, 'timestamp': 1731241955550, 'stream_type': 'REALTIME'}
[21:32:35.577][1]bit 4444444444444 쓰레드 정리 isclear isClear(C0106000000743346835), 남은양:3000.0, {'type': 'myOrder', 'code': 'KRW-XRP', 'uuid': 'C0106000000743346835', 'ask_bid': 'BID', 'order_type': 'limit', 'state': 'cancel', 'trade_uuid': None, 'price': 818, 'volume': 3000, 'remaining_volume': 3000, 'executed_volume': 0, 'trades_count': 0, 'reserved_fee': 6135, 'remaining_fee': 6135, 'paid_fee': 0, 'executed_funds': 0, 'trade_timestamp': None, 'order_timestamp': 1731241884585, 'timestamp': 1731241955550, 'stream_type': 'REALTIME'}
[21:32:35.578][MyApi]stop_threads 시작 C0106000000743346835
[21:32:35.758][2]빗썸탈출신청결과(C0106000000743346847) status_code:404 , {'error': {'name': 'order_not_found', 'message': '주문을 찾지 못했습니다.'}}[21:32:35.759][1]빗썸탈출신청결과(C0106000000743346835) status_code:404 , {'error': {'name': 'order_not_found', 'message': '주문을 찾지 못했습니다.'}}

[21:32:35.766]빗썸 [2][MyApi]쓰레드 종료
[21:32:35.766][2] 666666666666666 [MyApi]stop_threads 종료 C0106000000743346847
[21:32:35.767]빗썸 [1][MyApi]쓰레드 종료
[21:32:35.767][1] 666666666666666 [MyApi]stop_threads 종료 C0106000000743346835
[21:32:58.110][up]프로그램으로 신청한게 아닌거 같음. 확인 필요.867cb1dd-9ff3-4fb5-9249-80af9723e609, wait, {'type': 'myOrder', 'code': 'KRW-XRP', 'uuid': '867cb1dd-9ff3-4fb5-9249-80af9723e609', 'ask_bid': 'ASK', 'order_type': 'limit', 'state': 'wait', 'trade_uuid': None, 'price': 821.2, 'avg_price': 0, 'volume': 3000, 'remaining_volume': 3000, 'executed_volume': 0, 'trades_count': 0, 'reserved_fee': 0, 'remaining_fee': 0, 'paid_fee': 0, 'locked': 3000, 'executed_funds': 0, 'time_in_force': None, 'trade_timestamp': None, 'order_timestamp': 1731241978000, 'timestamp': 1731241978098, 'stream_type': 'REALTIME'}
[21:32:58.130][up]프로그램으로 신청한게 아닌거 같음. 확인 필요.867cb1dd-9ff3-4fb5-9249-80af9723e609, trade, {'type': 'myOrder', 'code': 'KRW-XRP', 'uuid': '867cb1dd-9ff3-4fb5-9249-80af9723e609', 'ask_bid': 'ASK', 'order_type': 'limit', 'state': 'trade', 'trade_uuid': '8947c659-a05d-408a-9e2f-1817e49b70f6', 'price': 821.3, 'avg_price': 820.88935, 'volume': 448.32719426, 'remaining_volume': 0, 'executed_volume': 3000, 'trades_count': 2, 'reserved_fee': 0, 'remaining_fee': 0, 'paid_fee': 1231.95, 'locked': 0, 'executed_funds': 2463900, 'time_in_force': None, 'trade_timestamp': 1731241978072, 'order_timestamp': 1731241978000, 'timestamp': 1731241978117, 'stream_type': 'REALTIME'}[21:32:58.138][up]프로그램으로 신청한게 아닌거 같음. 확인 필요.867cb1dd-9ff3-4fb5-9249-80af9723e609, done, {'type': 'myOrder', 'code': 'KRW-XRP', 'uuid': '867cb1dd-9ff3-4fb5-9249-80af9723e609', 'ask_bid': 'ASK', 'order_type': 'limit', 'state': 'done', 'trade_uuid': None, 'price': 821.2, 'avg_price': 820.88935, 'volume': 3000, 'remaining_volume': 0, 'executed_volume': 3000, 'trades_count': 2, 'reserved_fee': 0, 'remaining_fee': 0, 'paid_fee': 1231.95, 'locked': 0, 'executed_funds': 2463900, 'time_in_force': None, 'trade_timestamp': None, 'order_timestamp': 1731241978000, 'timestamp': 1731241978118, 'stream_type': 'REALTIME'}
[21:32:58.139][up]프로그램으로 신청한게 아닌거 같음. 확인 필요.867cb1dd-9ff3-4fb5-9249-80af9723e609, trade, {'type': 'myOrder', 'code': 'KRW-XRP', 'uuid': '867cb1dd-9ff3-4fb5-9249-80af9723e609', 'ask_bid': 'ASK', 'order_type': 'limit', 'state': 'trade', 'trade_uuid': '8872241a-ab82-4c6d-ab49-1fba1fa0c3ec', 'price': 821.3, 'avg_price': 820.88935, 'volume': 2551.67280574, 'remaining_volume': 0, 'executed_volume': 3000, 'trades_count': 2, 'reserved_fee': 0, 'remaining_fee': 0, 'paid_fee': 1231.95, 'locked': 0, 'executed_funds': 2463900, 'time_in_force': None, 'trade_timestamp': 1731241978072, 'order_timestamp': 1731241978000, 'timestamp': 1731241978118, 'stream_type': 'REALTIME'}

[21:32:59.153][4]빗썸1111111111111매수신청 완료(C0106000000743347922), mode:1, result:{'uuid': 'C0106000000743347922', 'side': 'bid', 'ord_type': 'limit', 'price': '820', 'state': 'wait', 'market': 'KRW-XRP', 'created_at': '2024-11-10T21:32:59+09:00', 'volume': '3000', 'remaining_volume': '3000', 'reserved_fee': '6150', 'remaining_fee': '6150', 'paid_fee': '0', 'locked': '2466151', 'executed_volume': '0', 'trades_count': 0}
[21:32:59.207][4][bit](BID) 주문상태:wait, {'type': 'myOrder', 'code': 'KRW-XRP', 'uuid': 'C0106000000743347922', 'ask_bid': 'BID', 'order_type': 'limit', 'state': 'wait', 'trade_uuid': None, 'price': 820, 'volume': 3000, 'remaining_volume': 3000, 'executed_volume': 0, 'trades_count': 0, 'reserved_fee': 6150, 'remaining_fee': 6150, 'paid_fee': 0, 'executed_funds': 0, 'trade_timestamp': None, 'order_timestamp': 1731241979069, 'timestamp': 1731241979199, 'stream_type': 'REALTIME'}
[21:32:59.209][4]bit22222222222222222 매수대기 (C0106000000743347922),{'type': 'myOrder', 'code': 'KRW-XRP', 'uuid': 'C0106000000743347922', 'ask_bid': 'BID', 'order_type': 'limit', 'state': 'wait', 'trade_uuid': None, 'price': 820, 'volume': 3000, 'remaining_volume': 3000, 'executed_volume': 0, 'trades_count': 0, 'reserved_fee': 6150, 'remaining_fee': 6150, 'paid_fee': 0, 'executed_funds': 0, 'trade_timestamp': None, 'order_timestamp': 1731241979069, 'timestamp': 1731241979199, 'stream_type': 'REALTIME'}
[21:32:59.939][5]빗썸1111111111111매수신청 완료(C0106000000743347928), mode:1, result:{'uuid': 'C0106000000743347928', 'side': 'bid', 'ord_type': 'limit', 'price': '820', 'state': 'wait', 'market': 'KRW-XRP', 'created_at': '2024-11-10T21:32:59+09:00', 'volume': '3000', 'remaining_volume': '3000', 'reserved_fee': '6150', 'remaining_fee': '6150', 'paid_fee': '0', 'locked': '2466151', 'executed_volume': '0', 'trades_count': 0}
[21:32:59.963][5][bit](BID) 주문상태:wait, {'type': 'myOrder', 'code': 'KRW-XRP', 'uuid': 'C0106000000743347928', 'ask_bid': 'BID', 'order_type': 'limit', 'state': 'wait', 'trade_uuid': None, 'price': 820, 'volume': 3000, 'remaining_volume': 3000, 'executed_volume': 0, 'trades_count': 0, 'reserved_fee': 6150, 'remaining_fee': 6150, 'paid_fee': 0, 'executed_funds': 0, 'trade_timestamp': None, 'order_timestamp': 1731241979868, 'timestamp': 1731241979953, 'stream_type': 'REALTIME'}
[21:32:59.965][5]bit22222222222222222 매수대기 (C0106000000743347928),{'type': 'myOrder', 'code': 'KRW-XRP', 'uuid': 'C0106000000743347928', 'ask_bid': 'BID', 'order_type': 'limit', 'state': 'wait', 'trade_uuid': None, 'price': 820, 'volume': 3000, 'remaining_volume': 3000, 'executed_volume': 0, 'trades_count': 0, 'reserved_fee': 6150, 'remaining_fee': 6150, 'paid_fee': 0, 'executed_funds': 0, 'trade_timestamp': None, 'order_timestamp': 1731241979868, 'timestamp': 1731241979953, 'stream_type': 'REALTIME'}
[21:33:00.753][6]빗썸1111111111111매수신청 완료(C0106000000743347933), mode:1, result:{'uuid': 'C0106000000743347933', 'side': 'bid', 'ord_type': 'limit', 'price': '820', 'state': 'wait', 'market': 'KRW-XRP', 'created_at': '2024-11-10T21:33:00+09:00', 'volume': '728.39', 'remaining_volume': '728.39', 'reserved_fee': '1493.1995', 'remaining_fee': '1493.1995', 'paid_fee': '0', 'locked': '598773.9995', 'executed_volume': '0', 'trades_count': 0}
[21:33:00.824][6][bit](BID) 주문상태:wait, {'type': 'myOrder', 'code': 'KRW-XRP', 'uuid': 'C0106000000743347933', 'ask_bid': 'BID', 'order_type': 'limit', 'state': 'wait', 'trade_uuid': None, 'price': 820, 'volume': 728.39, 'remaining_volume': 728.39, 'executed_volume': 0, 'trades_count': 0, 'reserved_fee': 1493.1995, 'remaining_fee': 1493.1995, 'paid_fee': 0, 'executed_funds': 0, 'trade_timestamp': None, 'order_timestamp': 1731241980672, 'timestamp': 1731241980816, 'stream_type': 'REALTIME'}
[21:33:00.825][6]bit22222222222222222 매수대기 (C0106000000743347933),{'type': 'myOrder', 'code': 'KRW-XRP', 'uuid': 'C0106000000743347933', 'ask_bid': 'BID', 'order_type': 'limit', 'state': 'wait', 'trade_uuid': None, 'price': 820, 'volume': 728.39, 'remaining_volume': 728.39, 'executed_volume': 0, 'trades_count': 0, 'reserved_fee': 1493.1995, 'remaining_fee': 1493.1995, 'paid_fee': 0, 'executed_funds': 0, 'trade_timestamp': None, 'order_timestamp': 1731241980672, 'timestamp': 1731241980816, 'stream_type': 'REALTIME'}
[21:33:12.775][6]빗썸탈출신청(C0106000000743347933) mode:1, 빗썸매수3까지 내려옴. 매수금액(820.0), 매수2(821.0)
[21:33:12.775][4]빗썸탈출신청(C0106000000743347922) mode:1, 빗썸매수3까지 내려옴. 매수금액(820.0), 매수2(821.0)
[21:33:12.775][5]빗썸탈출신청(C0106000000743347928) mode:1, 빗썸매수3까지 내려옴. 매수금액(820.0), 매수2(821.0)
[21:33:13.080][6]빗썸탈출신청결과(C0106000000743347933) status_code:200 , {'uuid': 'C0106000000743347933', 'side': 'bid', 'ord_type': 'limit', 'price': '820', 'state': 'wait', 'market': 'KRW-XRP', 'created_at': '2024-11-10T21:33:00+09:00', 'volume': '728.39', 'remaining_volume': '728.39', 'reserved_fee': '1493.1995', 'remaining_fee': '1493.1995', 'paid_fee': '0', 'locked': '598773.9995', 'executed_volume': '0', 'trades_count': 0}
[21:33:13.083][4]빗썸탈출신청결과(C0106000000743347922) status_code:200 , {'uuid': 'C0106000000743347922', 'side': 'bid', 'ord_type': 'limit', 'price': '820', 'state': 'wait', 'market': 'KRW-XRP', 'created_at': '2024-11-10T21:32:59+09:00', 'volume': '3000', 'remaining_volume': '3000', 'reserved_fee': '6150', 'remaining_fee': '6150', 'paid_fee': '0', 'locked': '2466151', 'executed_volume': '0', 'trades_count': 0}
[21:33:13.103][5]빗썸탈출신청결과(C0106000000743347928) status_code:200 , {'uuid': 'C0106000000743347928', 'side': 'bid', 'ord_type': 'limit', 'price': '820', 'state': 'wait', 'market': 'KRW-XRP', 'created_at': '2024-11-10T21:32:59+09:00', 'volume': '3000', 'remaining_volume': '3000', 'reserved_fee': '6150', 'remaining_fee': '6150', 'paid_fee': '0', 'locked': '2466151', 'executed_volume': '0', 'trades_count': 0}
[21:33:13.163][6][bit](BID) 주문상태:cancel, {'type': 'myOrder', 'code': 'KRW-XRP', 'uuid': 'C0106000000743347933', 'ask_bid': 'BID', 'order_type': 'limit', 'state': 'cancel', 'trade_uuid': None, 'price': 820, 'volume': 728.39, 'remaining_volume': 728.39, 'executed_volume': 0, 'trades_count': 0, 'reserved_fee': 1493.1995, 'remaining_fee': 1493.1995, 'paid_fee': 0, 'executed_funds': 0, 'trade_timestamp': None, 'order_timestamp': 1731241980672, 'timestamp': 1731241993156, 'stream_type': 'REALTIME'}
[21:33:13.163][6]bit33333333333333333 매수취소(C0106000000743347933), {'type': 'myOrder', 'code': 'KRW-XRP', 'uuid': 'C0106000000743347933', 'ask_bid': 'BID', 'order_type': 'limit', 'state': 'cancel', 'trade_uuid': None, 'price': 820, 'volume': 728.39, 'remaining_volume': 728.39, 'executed_volume': 0, 'trades_count': 0, 'reserved_fee': 1493.1995, 'remaining_fee': 1493.1995, 'paid_fee': 0, 'executed_funds': 0, 'trade_timestamp': None, 'order_timestamp': 1731241980672, 'timestamp': 1731241993156, 'stream_type': 'REALTIME'}
[21:33:13.163][6]bit 4444444444444 쓰레드 정리 isclear isClear(C0106000000743347933), 남은양:728.39, {'type': 'myOrder', 'code': 'KRW-XRP', 'uuid': 'C0106000000743347933', 'ask_bid': 'BID', 'order_type': 'limit', 'state': 'cancel', 'trade_uuid': None, 'price': 820, 'volume': 728.39, 'remaining_volume': 728.39, 'executed_volume': 0, 'trades_count': 0, 'reserved_fee': 1493.1995, 'remaining_fee': 1493.1995, 'paid_fee': 0, 'executed_funds': 0, 'trade_timestamp': None, 'order_timestamp': 1731241980672, 'timestamp': 1731241993156, 'stream_type': 'REALTIME'}
[21:33:13.164][4][bit](BID) 주문상태:cancel, {'type': 'myOrder', 'code': 'KRW-XRP', 'uuid': 'C0106000000743347922', 'ask_bid': 'BID', 'order_type': 'limit', 'state': 'cancel', 'trade_uuid': None, 'price': 820, 'volume': 3000, 'remaining_volume': 3000, 'executed_volume': 0, 'trades_count': 0, 'reserved_fee': 6150, 'remaining_fee': 6150, 'paid_fee': 0, 'executed_funds': 0, 'trade_timestamp': None, 'order_timestamp': 1731241979069, 'timestamp': 1731241993156, 'stream_type': 'REALTIME'}
[21:33:13.164][4]bit33333333333333333 매수취소(C0106000000743347922), {'type': 'myOrder', 'code': 'KRW-XRP', 'uuid': 'C0106000000743347922', 'ask_bid': 'BID', 'order_type': 'limit', 'state': 'cancel', 'trade_uuid': None, 'price': 820, 'volume': 3000, 'remaining_volume': 3000, 'executed_volume': 0, 'trades_count': 0, 'reserved_fee': 6150, 'remaining_fee': 6150, 'paid_fee': 0, 'executed_funds': 0, 'trade_timestamp': None, 'order_timestamp': 1731241979069, 'timestamp': 1731241993156, 'stream_type': 'REALTIME'}
[21:33:13.164][4]bit 4444444444444 쓰레드 정리 isclear isClear(C0106000000743347922), 남은양:3000.0, {'type': 'myOrder', 'code': 'KRW-XRP', 'uuid': 'C0106000000743347922', 'ask_bid': 'BID', 'order_type': 'limit', 'state': 'cancel', 'trade_uuid': None, 'price': 820, 'volume': 3000, 'remaining_volume': 3000, 'executed_volume': 0, 'trades_count': 0, 'reserved_fee': 6150, 'remaining_fee': 6150, 'paid_fee': 0, 'executed_funds': 0, 'trade_timestamp': None, 'order_timestamp': 1731241979069, 'timestamp': 1731241993156, 'stream_type': 'REALTIME'}
[21:33:13.165][5][bit](BID) 주문상태:cancel, {'type': 'myOrder', 'code': 'KRW-XRP', 'uuid': 'C0106000000743347928', 'ask_bid': 'BID', 'order_type': 'limit', 'state': 'cancel', 'trade_uuid': None, 'price': 820, 'volume': 3000, 'remaining_volume': 3000, 'executed_volume': 0, 'trades_count': 0, 'reserved_fee': 6150, 'remaining_fee': 6150, 'paid_fee': 0, 'executed_funds': 0, 'trade_timestamp': None, 'order_timestamp': 1731241979868, 'timestamp': 1731241993157, 'stream_type': 'REALTIME'}
[21:33:13.165][5]bit33333333333333333 매수취소(C0106000000743347928), {'type': 'myOrder', 'code': 'KRW-XRP', 'uuid': 'C0106000000743347928', 'ask_bid': 'BID', 'order_type': 'limit', 'state': 'cancel', 'trade_uuid': None, 'price': 820, 'volume': 3000, 'remaining_volume': 3000, 'executed_volume': 0, 'trades_count': 0, 'reserved_fee': 6150, 'remaining_fee': 6150, 'paid_fee': 0, 'executed_funds': 0, 'trade_timestamp': None, 'order_timestamp': 1731241979868, 'timestamp': 1731241993157, 'stream_type': 'REALTIME'}
[21:33:13.165][5]bit 4444444444444 쓰레드 정리 isclear isClear(C0106000000743347928), 남은양:3000.0, {'type': 'myOrder', 'code': 'KRW-XRP', 'uuid': 'C0106000000743347928', 'ask_bid': 'BID', 'order_type': 'limit', 'state': 'cancel', 'trade_uuid': None, 'price': 820, 'volume': 3000, 'remaining_volume': 3000, 'executed_volume': 0, 'trades_count': 0, 'reserved_fee': 6150, 'remaining_fee': 6150, 'paid_fee': 0, 'executed_funds': 0, 'trade_timestamp': None, 'order_timestamp': 1731241979868, 'timestamp': 1731241993157, 'stream_type': 'REALTIME'}
[21:33:13.166][MyApi]stop_threads 시작 C0106000000743347933
[21:33:13.166][4]빗썸탈출신청(C0106000000743347922) mode:1, 빗썸매수3까지 내려옴. 매수금액(820.0), 매수2(821.0)[21:33:13.167][5]빗썸탈출신청(C0106000000743347928) mode:1, 빗썸매수3까지 내려옴. 매수금액(820.0), 매수2(821.0)

[21:33:13.167][MyApi]stop_threads 시작 C0106000000743347922
[21:33:13.169][MyApi]stop_threads 시작 C0106000000743347928
[21:33:13.172]빗썸 [6][MyApi]쓰레드 종료
[21:33:13.173][6] 666666666666666 [MyApi]stop_threads 종료 C0106000000743347933
[21:33:13.399][5]빗썸탈출신청결과(C0106000000743347928) status_code:404 , {'error': {'name': 'order_not_found', 'message': '주문을 찾지 못했습니다.'}}
[21:33:13.404][4]빗썸탈출신청결과(C0106000000743347922) status_code:404 , {'error': {'name': 'order_not_found', 'message': '주문을 찾지 못했습니다.'}}
[21:33:13.404]빗썸 [5][MyApi]쓰레드 종료
[21:33:13.404][5] 666666666666666 [MyApi]stop_threads 종료 C0106000000743347928
[21:33:13.408]빗썸 [4][MyApi]쓰레드 종료
[21:33:13.409][4] 666666666666666 [MyApi]stop_threads 종료 C0106000000743347922
[21:33:14.681][7]빗썸1111111111111매수신청 완료(C0106000000743348189), mode:1, result:{'uuid': 'C0106000000743348189', 'side': 'bid', 'ord_type': 'limit', 'price': '822', 'state': 'wait', 'market': 'KRW-XRP', 'created_at': '2024-11-10T21:33:14+09:00', 'volume': '3000', 'remaining_volume': '3000', 'reserved_fee': '6165', 'remaining_fee': '6165', 'paid_fee': '0', 'locked': '2472166', 'executed_volume': '0', 'trades_count': 0}
[21:33:14.717][7][bit](BID) 주문상태:wait, {'type': 'myOrder', 'code': 'KRW-XRP', 'uuid': 'C0106000000743348189', 'ask_bid': 'BID', 'order_type': 'limit', 'state': 'wait', 'trade_uuid': None, 'price': 822, 'volume': 3000, 'remaining_volume': 3000, 'executed_volume': 0, 'trades_count': 0, 'reserved_fee': 6165, 'remaining_fee': 6165, 'paid_fee': 0, 'executed_funds': 0, 'trade_timestamp': None, 'order_timestamp': 1731241994578, 'timestamp': 1731241994703, 'stream_type': 'REALTIME'}
[21:33:14.718][7]bit22222222222222222 매수대기 (C0106000000743348189),{'type': 'myOrder', 'code': 'KRW-XRP', 'uuid': 'C0106000000743348189', 'ask_bid': 'BID', 'order_type': 'limit', 'state': 'wait', 'trade_uuid': None, 'price': 822, 'volume': 3000, 'remaining_volume': 3000, 'executed_volume': 0, 'trades_count': 0, 'reserved_fee': 6165, 'remaining_fee': 6165, 'paid_fee': 0, 'executed_funds': 0, 'trade_timestamp': None, 'order_timestamp': 1731241994578, 'timestamp': 1731241994703, 'stream_type': 'REALTIME'}
[21:33:15.579][8]빗썸1111111111111매수신청 완료(C0106000000743348211), mode:1, result:{'uuid': 'C0106000000743348211', 'side': 'bid', 'ord_type': 'limit', 'price': '822', 'state': 'wait', 'market': 'KRW-XRP', 'created_at': '2024-11-10T21:33:15+09:00', 'volume': '3000', 'remaining_volume': '3000', 'reserved_fee': '6165', 'remaining_fee': '6165', 'paid_fee': '0', 'locked': '2472166', 'executed_volume': '0', 'trades_count': 0}
[21:33:15.658][8][bit](BID) 주문상태:wait, {'type': 'myOrder', 'code': 'KRW-XRP', 'uuid': 'C0106000000743348211', 'ask_bid': 'BID', 'order_type': 'limit', 'state': 'wait', 'trade_uuid': None, 'price': 822, 'volume': 3000, 'remaining_volume': 3000, 'executed_volume': 0, 'trades_count': 0, 'reserved_fee': 6165, 'remaining_fee': 6165, 'paid_fee': 0, 'executed_funds': 0, 'trade_timestamp': None, 'order_timestamp': 1731241995499, 'timestamp': 1731241995648, 'stream_type': 'REALTIME'}
[21:33:15.659][8]bit22222222222222222 매수대기 (C0106000000743348211),{'type': 'myOrder', 'code': 'KRW-XRP', 'uuid': 'C0106000000743348211', 'ask_bid': 'BID', 'order_type': 'limit', 'state': 'wait', 'trade_uuid': None, 'price': 822, 'volume': 3000, 'remaining_volume': 3000, 'executed_volume': 0, 'trades_count': 0, 'reserved_fee': 6165, 'remaining_fee': 6165, 'paid_fee': 0, 'executed_funds': 0, 'trade_timestamp': None, 'order_timestamp': 1731241995499, 'timestamp': 1731241995648, 'stream_type': 'REALTIME'}
[21:33:19.635][8]빗썸탈출신청(C0106000000743348211) mode:1, 빗썸매수3까지 내려옴. 매수금액(822.0), 매수2(823.0)
[21:33:19.635][7]빗썸탈출신청(C0106000000743348189) mode:1, 빗썸매수3까지 내려옴. 매수금액(822.0), 매수2(823.0)
[21:33:19.924][8]빗썸탈출신청결과(C0106000000743348211) status_code:200 , {'uuid': 'C0106000000743348211', 'side': 'bid', 'ord_type': 'limit', 'price': '822', 'state': 'wait', 'market': 'KRW-XRP', 'created_at': '2024-11-10T21:33:15+09:00', 'volume': '3000', 'remaining_volume': '3000', 'reserved_fee': '6165', 'remaining_fee': '6165', 'paid_fee': '0', 'locked': '2472166', 'executed_volume': '0', 'trades_count': 0}
[21:33:19.976][7]빗썸탈출신청결과(C0106000000743348189) status_code:200 , {'uuid': 'C0106000000743348189', 'side': 'bid', 'ord_type': 'limit', 'price': '822', 'state': 'wait', 'market': 'KRW-XRP', 'created_at': '2024-11-10T21:33:14+09:00', 'volume': '3000', 'remaining_volume': '3000', 'reserved_fee': '6165', 'remaining_fee': '6165', 'paid_fee': '0', 'locked': '2472166', 'executed_volume': '0', 'trades_count': 0}
[21:33:19.980][8][bit](BID) 주문상태:cancel, {'type': 'myOrder', 'code': 'KRW-XRP', 'uuid': 'C0106000000743348211', 'ask_bid': 'BID', 'order_type': 'limit', 'state': 'cancel', 'trade_uuid': None, 'price': 822, 'volume': 3000, 'remaining_volume': 3000, 'executed_volume': 0, 'trades_count': 0, 'reserved_fee': 6165, 'remaining_fee': 6165, 'paid_fee': 0, 'executed_funds': 0, 'trade_timestamp': None, 'order_timestamp': 1731241995499, 'timestamp': 1731241999970, 'stream_type': 'REALTIME'}
[21:33:19.980][8]bit33333333333333333 매수취소(C0106000000743348211), {'type': 'myOrder', 'code': 'KRW-XRP', 'uuid': 'C0106000000743348211', 'ask_bid': 'BID', 'order_type': 'limit', 'state': 'cancel', 'trade_uuid': None, 'price': 822, 'volume': 3000, 'remaining_volume': 3000, 'executed_volume': 0, 'trades_count': 0, 'reserved_fee': 6165, 'remaining_fee': 6165, 'paid_fee': 0, 'executed_funds': 0, 'trade_timestamp': None, 'order_timestamp': 1731241995499, 'timestamp': 1731241999970, 'stream_type': 'REALTIME'}
[21:33:19.980][8]bit 4444444444444 쓰레드 정리 isclear isClear(C0106000000743348211), 남은양:3000.0, {'type': 'myOrder', 'code': 'KRW-XRP', 'uuid': 'C0106000000743348211', 'ask_bid': 'BID', 'order_type': 'limit', 'state': 'cancel', 'trade_uuid': None, 'price': 822, 'volume': 3000, 'remaining_volume': 3000, 'executed_volume': 0, 'trades_count': 0, 'reserved_fee': 6165, 'remaining_fee': 6165, 'paid_fee': 0, 'executed_funds': 0, 'trade_timestamp': None, 'order_timestamp': 1731241995499, 'timestamp': 1731241999970, 'stream_type': 'REALTIME'}
[21:33:19.982][MyApi]stop_threads 시작 C0106000000743348211
[21:33:19.982][7]빗썸탈출신청(C0106000000743348189) mode:1, 빗썸매수3까지 내려옴. 매수금액(822.0), 매수2(823.0)
[21:33:19.986]빗썸 [8][MyApi]쓰레드 종료
[21:33:19.986][8] 666666666666666 [MyApi]stop_threads 종료 C0106000000743348211
[21:33:20.015][7][bit](BID) 주문상태:cancel, {'type': 'myOrder', 'code': 'KRW-XRP', 'uuid': 'C0106000000743348189', 'ask_bid': 'BID', 'order_type': 'limit', 'state': 'cancel', 'trade_uuid': None, 'price': 822, 'volume': 3000, 'remaining_volume': 3000, 'executed_volume': 0, 'trades_count': 0, 'reserved_fee': 6165, 'remaining_fee': 6165, 'paid_fee': 0, 'executed_funds': 0, 'trade_timestamp': None, 'order_timestamp': 1731241994578, 'timestamp': 1731242000003, 'stream_type': 'REALTIME'}
[21:33:20.015][7]bit33333333333333333 매수취소(C0106000000743348189), {'type': 'myOrder', 'code': 'KRW-XRP', 'uuid': 'C0106000000743348189', 'ask_bid': 'BID', 'order_type': 'limit', 'state': 'cancel', 'trade_uuid': None, 'price': 822, 'volume': 3000, 'remaining_volume': 3000, 'executed_volume': 0, 'trades_count': 0, 'reserved_fee': 6165, 'remaining_fee': 6165, 'paid_fee': 0, 'executed_funds': 0, 'trade_timestamp': None, 'order_timestamp': 1731241994578, 'timestamp': 1731242000003, 'stream_type': 'REALTIME'}
[21:33:20.015][7]bit 4444444444444 쓰레드 정리 isclear isClear(C0106000000743348189), 남은양:3000.0, {'type': 'myOrder', 'code': 'KRW-XRP', 'uuid': 'C0106000000743348189', 'ask_bid': 'BID', 'order_type': 'limit', 'state': 'cancel', 'trade_uuid': None, 'price': 822, 'volume': 3000, 'remaining_volume': 3000, 'executed_volume': 0, 'trades_count': 0, 'reserved_fee': 6165, 'remaining_fee': 6165, 'paid_fee': 0, 'executed_funds': 0, 'trade_timestamp': None, 'order_timestamp': 1731241994578, 'timestamp': 1731242000003, 'stream_type': 'REALTIME'}
[21:33:20.017][MyApi]stop_threads 시작 C0106000000743348189
[21:33:20.237][7]빗썸탈출신청결과(C0106000000743348189) status_code:404 , {'error': {'name': 'order_not_found', 'message': '주문을 찾지 못했습니다.'}}
[21:33:20.242]빗썸 [7][MyApi]쓰레드 종료
[21:33:20.242][7] 666666666666666 [MyApi]stop_threads 종료 C0106000000743348189
[21:33:23.912][9]빗썸1111111111111매수신청 완료(C0106000000743348427), mode:1, result:{'uuid': 'C0106000000743348427', 'side': 'bid', 'ord_type': 'limit', 'price': '823', 'state': 'wait', 'market': 'KRW-XRP', 'created_at': '2024-11-10T21:33:23+09:00', 'volume': '3000', 'remaining_volume': '3000', 'reserved_fee': '6172.5', 'remaining_fee': '6172.5', 'paid_fee': '0', 'locked': '2475173.5', 'executed_volume': '0', 'trades_count': 0}
[21:33:23.966][9][bit](BID) 주문상태:wait, {'type': 'myOrder', 'code': 'KRW-XRP', 'uuid': 'C0106000000743348427', 'ask_bid': 'BID', 'order_type': 'limit', 'state': 'wait', 'trade_uuid': None, 'price': 823, 'volume': 3000, 'remaining_volume': 3000, 'executed_volume': 0, 'trades_count': 0, 'reserved_fee': 6172.5, 'remaining_fee': 6172.5, 'paid_fee': 0, 'executed_funds': 0, 'trade_timestamp': None, 'order_timestamp': 1731242003817, 'timestamp': 1731242003954, 'stream_type': 'REALTIME'}
[21:33:23.967][9]bit22222222222222222 매수대기 (C0106000000743348427),{'type': 'myOrder', 'code': 'KRW-XRP', 'uuid': 'C0106000000743348427', 'ask_bid': 'BID', 'order_type': 'limit', 'state': 'wait', 'trade_uuid': None, 'price': 823, 'volume': 3000, 'remaining_volume': 3000, 'executed_volume': 0, 'trades_count': 0, 'reserved_fee': 6172.5, 'remaining_fee': 6172.5, 'paid_fee': 0, 'executed_funds': 0, 'trade_timestamp': None, 'order_timestamp': 1731242003817, 'timestamp': 1731242003954, 'stream_type': 'REALTIME'}
[21:33:24.854][10]빗썸1111111111111매수신청 완료(C0106000000743348451), mode:1, result:{'uuid': 'C0106000000743348451', 'side': 'bid', 'ord_type': 'limit', 'price': '823', 'state': 'wait', 'market': 'KRW-XRP', 'created_at': '2024-11-10T21:33:24+09:00', 'volume': '3000', 'remaining_volume': '3000', 'reserved_fee': '6172.5', 'remaining_fee': '6172.5', 'paid_fee': '0', 'locked': '2475173.5', 'executed_volume': '0', 'trades_count': 0}
[21:33:24.916][10][bit](BID) 주문상태:wait, {'type': 'myOrder', 'code': 'KRW-XRP', 'uuid': 'C0106000000743348451', 'ask_bid': 'BID', 'order_type': 'limit', 'state': 'wait', 'trade_uuid': None, 'price': 823, 'volume': 3000, 'remaining_volume': 3000, 'executed_volume': 0, 'trades_count': 0, 'reserved_fee': 6172.5, 'remaining_fee': 6172.5, 'paid_fee': 0, 'executed_funds': 0, 'trade_timestamp': None, 'order_timestamp': 1731242004775, 'timestamp': 1731242004907, 'stream_type': 'REALTIME'}
[21:33:24.917][10]bit22222222222222222 매수대기 (C0106000000743348451),{'type': 'myOrder', 'code': 'KRW-XRP', 'uuid': 'C0106000000743348451', 'ask_bid': 'BID', 'order_type': 'limit', 'state': 'wait', 'trade_uuid': None, 'price': 823, 'volume': 3000, 'remaining_volume': 3000, 'executed_volume': 0, 'trades_count': 0, 'reserved_fee': 6172.5, 'remaining_fee': 6172.5, 'paid_fee': 0, 'executed_funds': 0, 'trade_timestamp': None, 'order_timestamp': 1731242004775, 'timestamp': 1731242004907, 'stream_type': 'REALTIME'}
[21:33:25.711][11]빗썸1111111111111매수신청 완료(C0106000000743348472), mode:1, result:{'uuid': 'C0106000000743348472', 'side': 'bid', 'ord_type': 'limit', 'price': '823', 'state': 'wait', 'market': 'KRW-XRP', 'created_at': '2024-11-10T21:33:25+09:00', 'volume': '728.39', 'remaining_volume': '728.39', 'reserved_fee': '1498.662425', 'remaining_fee': '1498.662425', 'paid_fee': '0', 'locked': '600964.632425', 'executed_volume': '0', 'trades_count': 0}
[21:33:25.769][11][bit](BID) 주문상태:wait, {'type': 'myOrder', 'code': 'KRW-XRP', 'uuid': 'C0106000000743348472', 'ask_bid': 'BID', 'order_type': 'limit', 'state': 'wait', 'trade_uuid': None, 'price': 823, 'volume': 728.39, 'remaining_volume': 728.39, 'executed_volume': 0, 'trades_count': 0, 'reserved_fee': 1498.662425, 'remaining_fee': 1498.662425, 'paid_fee': 0, 'executed_funds': 0, 'trade_timestamp': None, 'order_timestamp': 1731242005643, 'timestamp': 1731242005761, 'stream_type': 'REALTIME'}
[21:33:25.771][11]bit22222222222222222 매수대기 (C0106000000743348472),{'type': 'myOrder', 'code': 'KRW-XRP', 'uuid': 'C0106000000743348472', 'ask_bid': 'BID', 'order_type': 'limit', 'state': 'wait', 'trade_uuid': None, 'price': 823, 'volume': 728.39, 'remaining_volume': 728.39, 'executed_volume': 0, 'trades_count': 0, 'reserved_fee': 1498.662425, 'remaining_fee': 1498.662425, 'paid_fee': 0, 'executed_funds': 0, 'trade_timestamp': None, 'order_timestamp': 1731242005643, 'timestamp': 1731242005761, 'stream_type': 'REALTIME'}
[21:33:34.373][11]빗썸탈출신청(C0106000000743348472) mode:1, 빗썸매수3까지 내려옴. 매수금액(823.0), 매수2(824.0)
[21:33:34.374][10]빗썸탈출신청(C0106000000743348451) mode:1, 빗썸매수3까지 내려옴. 매수금액(823.0), 매수2(824.0)
[21:33:34.374][9]빗썸탈출신청(C0106000000743348427) mode:1, 빗썸매수3까지 내려옴. 매수금액(823.0), 매수2(824.0)
[21:33:34.694][11]빗썸탈출신청결과(C0106000000743348472) status_code:200 , {'uuid': 'C0106000000743348472', 'side': 'bid', 'ord_type': 'limit', 'price': '823', 'state': 'wait', 'market': 'KRW-XRP', 'created_at': '2024-11-10T21:33:25+09:00', 'volume': '728.39', 'remaining_volume': '728.39', 'reserved_fee': '1498.662425', 'remaining_fee': '1498.662425', 'paid_fee': '0', 'locked': '600964.632425', 'executed_volume': '0', 'trades_count': 0}
[21:33:34.776][9]빗썸탈출신청결과(C0106000000743348427) status_code:200 , {'uuid': 'C0106000000743348427', 'side': 'bid', 'ord_type': 'limit', 'price': '823', 'state': 'wait', 'market': 'KRW-XRP', 'created_at': '2024-11-10T21:33:23+09:00', 'volume': '3000', 'remaining_volume': '3000', 'reserved_fee': '6172.5', 'remaining_fee': '6172.5', 'paid_fee': '0', 'locked': '2475173.5', 'executed_volume': '0', 'trades_count': 0}
[21:33:34.781][10]빗썸탈출신청결과(C0106000000743348451) status_code:200 , {'uuid': 'C0106000000743348451', 'side': 'bid', 'ord_type': 'limit', 'price': '823', 'state': 'wait', 'market': 'KRW-XRP', 'created_at': '2024-11-10T21:33:24+09:00', 'volume': '3000', 'remaining_volume': '3000', 'reserved_fee': '6172.5', 'remaining_fee': '6172.5', 'paid_fee': '0', 'locked': '2475173.5', 'executed_volume': '0', 'trades_count': 0}
[21:33:34.816][11][bit](BID) 주문상태:cancel, {'type': 'myOrder', 'code': 'KRW-XRP', 'uuid': 'C0106000000743348472', 'ask_bid': 'BID', 'order_type': 'limit', 'state': 'cancel', 'trade_uuid': None, 'price': 823, 'volume': 728.39, 'remaining_volume': 728.39, 'executed_volume': 0, 'trades_count': 0, 'reserved_fee': 1498.662425, 'remaining_fee': 1498.662425, 'paid_fee': 0, 'executed_funds': 0, 'trade_timestamp': None, 'order_timestamp': 1731242005643, 'timestamp': 1731242014807, 'stream_type': 'REALTIME'}
[21:33:34.816][11]bit33333333333333333 매수취소(C0106000000743348472), {'type': 'myOrder', 'code': 'KRW-XRP', 'uuid': 'C0106000000743348472', 'ask_bid': 'BID', 'order_type': 'limit', 'state': 'cancel', 'trade_uuid': None, 'price': 823, 'volume': 728.39, 'remaining_volume': 728.39, 'executed_volume': 0, 'trades_count': 0, 'reserved_fee': 1498.662425, 'remaining_fee': 1498.662425, 'paid_fee': 0, 'executed_funds': 0, 'trade_timestamp': None, 'order_timestamp': 1731242005643, 'timestamp': 1731242014807, 'stream_type': 'REALTIME'}
[21:33:34.816][11]bit 4444444444444 쓰레드 정리 isclear isClear(C0106000000743348472), 남은양:728.39, {'type': 'myOrder', 'code': 'KRW-XRP', 'uuid': 'C0106000000743348472', 'ask_bid': 'BID', 'order_type': 'limit', 'state': 'cancel', 'trade_uuid': None, 'price': 823, 'volume': 728.39, 'remaining_volume': 728.39, 'executed_volume': 0, 'trades_count': 0, 'reserved_fee': 1498.662425, 'remaining_fee': 1498.662425, 'paid_fee': 0, 'executed_funds': 0, 'trade_timestamp': None, 'order_timestamp': 1731242005643, 'timestamp': 1731242014807, 'stream_type': 'REALTIME'}
[21:33:34.817][MyApi]stop_threads 시작 C0106000000743348472
[21:33:34.817][10]빗썸탈출신청(C0106000000743348451) mode:1, 빗썸매수3까지 내려옴. 매수금액(823.0), 매수2(824.0)
[21:33:34.818][9]빗썸탈출신청(C0106000000743348427) mode:1, 빗썸매수3까지 내려옴. 매수금액(823.0), 매수2(824.0)
[21:33:34.819]빗썸 [11][MyApi]쓰레드 종료
[21:33:34.819][11] 666666666666666 [MyApi]stop_threads 종료 C0106000000743348472
[21:33:34.877][9][bit](BID) 주문상태:cancel, {'type': 'myOrder', 'code': 'KRW-XRP', 'uuid': 'C0106000000743348427', 'ask_bid': 'BID', 'order_type': 'limit', 'state': 'cancel', 'trade_uuid': None, 'price': 823, 'volume': 3000, 'remaining_volume': 3000, 'executed_volume': 0, 'trades_count': 0, 'reserved_fee': 6172.5, 'remaining_fee': 6172.5, 'paid_fee': 0, 'executed_funds': 0, 'trade_timestamp': None, 'order_timestamp': 1731242003817, 'timestamp': 1731242014864, 'stream_type': 'REALTIME'}
[21:33:34.877][9]bit33333333333333333 매수취소(C0106000000743348427), {'type': 'myOrder', 'code': 'KRW-XRP', 'uuid': 'C0106000000743348427', 'ask_bid': 'BID', 'order_type': 'limit', 'state': 'cancel', 'trade_uuid': None, 'price': 823, 'volume': 3000, 'remaining_volume': 3000, 'executed_volume': 0, 'trades_count': 0, 'reserved_fee': 6172.5, 'remaining_fee': 6172.5, 'paid_fee': 0, 'executed_funds': 0, 'trade_timestamp': None, 'order_timestamp': 1731242003817, 'timestamp': 1731242014864, 'stream_type': 'REALTIME'}
[21:33:34.877][9]bit 4444444444444 쓰레드 정리 isclear isClear(C0106000000743348427), 남은양:3000.0, {'type': 'myOrder', 'code': 'KRW-XRP', 'uuid': 'C0106000000743348427', 'ask_bid': 'BID', 'order_type': 'limit', 'state': 'cancel', 'trade_uuid': None, 'price': 823, 'volume': 3000, 'remaining_volume': 3000, 'executed_volume': 0, 'trades_count': 0, 'reserved_fee': 6172.5, 'remaining_fee': 6172.5, 'paid_fee': 0, 'executed_funds': 0, 'trade_timestamp': None, 'order_timestamp': 1731242003817, 'timestamp': 1731242014864, 'stream_type': 'REALTIME'}
[21:33:34.878][10][bit](BID) 주문상태:cancel, {'type': 'myOrder', 'code': 'KRW-XRP', 'uuid': 'C0106000000743348451', 'ask_bid': 'BID', 'order_type': 'limit', 'state': 'cancel', 'trade_uuid': None, 'price': 823, 'volume': 3000, 'remaining_volume': 3000, 'executed_volume': 0, 'trades_count': 0, 'reserved_fee': 6172.5, 'remaining_fee': 6172.5, 'paid_fee': 0, 'executed_funds': 0, 'trade_timestamp': None, 'order_timestamp': 1731242004775, 'timestamp': 1731242014865, 'stream_type': 'REALTIME'}
[21:33:34.878][10]bit33333333333333333 매수취소(C0106000000743348451), {'type': 'myOrder', 'code': 'KRW-XRP', 'uuid': 'C0106000000743348451', 'ask_bid': 'BID', 'order_type': 'limit', 'state': 'cancel', 'trade_uuid': None, 'price': 823, 'volume': 3000, 'remaining_volume': 3000, 'executed_volume': 0, 'trades_count': 0, 'reserved_fee': 6172.5, 'remaining_fee': 6172.5, 'paid_fee': 0, 'executed_funds': 0, 'trade_timestamp': None, 'order_timestamp': 1731242004775, 'timestamp': 1731242014865, 'stream_type': 'REALTIME'}
[21:33:34.878][10]bit 4444444444444 쓰레드 정리 isclear isClear(C0106000000743348451), 남은양:3000.0, {'type': 'myOrder', 'code': 'KRW-XRP', 'uuid': 'C0106000000743348451', 'ask_bid': 'BID', 'order_type': 'limit', 'state': 'cancel', 'trade_uuid': None, 'price': 823, 'volume': 3000, 'remaining_volume': 3000, 'executed_volume': 0, 'trades_count': 0, 'reserved_fee': 6172.5, 'remaining_fee': 6172.5, 'paid_fee': 0, 'executed_funds': 0, 'trade_timestamp': None, 'order_timestamp': 1731242004775, 'timestamp': 1731242014865, 'stream_type': 'REALTIME'}
[21:33:34.880][MyApi]stop_threads 시작 C0106000000743348427
[21:33:34.883][MyApi]stop_threads 시작 C0106000000743348451
[21:33:35.107][10]빗썸탈출신청결과(C0106000000743348451) status_code:404 , {'error': {'name': 'order_not_found', 'message': '주문을 찾지 못했습니다.'}}
[21:33:35.117][9]빗썸탈출신청결과(C0106000000743348427) status_code:404 , {'error': {'name': 'order_not_found', 'message': '주문을 찾지 못했습니다.'}}
[21:33:35.120]빗썸 [10][MyApi]쓰레드 종료
[21:33:35.120][10] 666666666666666 [MyApi]stop_threads 종료 C0106000000743348451
[21:33:35.126]빗썸 [9][MyApi]쓰레드 종료
[21:33:35.126][9] 666666666666666 [MyApi]stop_threads 종료 C0106000000743348427
[21:33:38.242][12]빗썸1111111111111매수신청 완료(C0106000000743348767), mode:1, result:{'uuid': 'C0106000000743348767', 'side': 'bid', 'ord_type': 'limit', 'price': '825', 'state': 'wait', 'market': 'KRW-XRP', 'created_at': '2024-11-10T21:33:38+09:00', 'volume': '3000', 'remaining_volume': '3000', 'reserved_fee': '6187.5', 'remaining_fee': '6187.5', 'paid_fee': '0', 'locked': '2481188.5', 'executed_volume': '0', 'trades_count': 0}
[21:33:38.323][12][bit](BID) 주문상태:wait, {'type': 'myOrder', 'code': 'KRW-XRP', 'uuid': 'C0106000000743348767', 'ask_bid': 'BID', 'order_type': 'limit', 'state': 'wait', 'trade_uuid': None, 'price': 825, 'volume': 3000, 'remaining_volume': 3000, 'executed_volume': 0, 'trades_count': 0, 'reserved_fee': 6187.5, 'remaining_fee': 6187.5, 'paid_fee': 0, 'executed_funds': 0, 'trade_timestamp': None, 'order_timestamp': 1731242018169, 'timestamp': 1731242018315, 'stream_type': 'REALTIME'}
[21:33:38.324][12]bit22222222222222222 매수대기 (C0106000000743348767),{'type': 'myOrder', 'code': 'KRW-XRP', 'uuid': 'C0106000000743348767', 'ask_bid': 'BID', 'order_type': 'limit', 'state': 'wait', 'trade_uuid': None, 'price': 825, 'volume': 3000, 'remaining_volume': 3000, 'executed_volume': 0, 'trades_count': 0, 'reserved_fee': 6187.5, 'remaining_fee': 6187.5, 'paid_fee': 0, 'executed_funds': 0, 'trade_timestamp': None, 'order_timestamp': 1731242018169, 'timestamp': 1731242018315, 'stream_type': 'REALTIME'}
[21:33:39.034][13]빗썸1111111111111매수신청 완료(C0106000000743348781), mode:1, result:{'uuid': 'C0106000000743348781', 'side': 'bid', 'ord_type': 'limit', 'price': '825', 'state': 'wait', 'market': 'KRW-XRP', 'created_at': '2024-11-10T21:33:38+09:00', 'volume': '3000', 'remaining_volume': '3000', 'reserved_fee': '6187.5', 'remaining_fee': '6187.5', 'paid_fee': '0', 'locked': '2481188.5', 'executed_volume': '0', 'trades_count': 0}
[21:33:39.058][13][bit](BID) 주문상태:wait, {'type': 'myOrder', 'code': 'KRW-XRP', 'uuid': 'C0106000000743348781', 'ask_bid': 'BID', 'order_type': 'limit', 'state': 'wait', 'trade_uuid': None, 'price': 825, 'volume': 3000, 'remaining_volume': 3000, 'executed_volume': 0, 'trades_count': 0, 'reserved_fee': 6187.5, 'remaining_fee': 6187.5, 'paid_fee': 0, 'executed_funds': 0, 'trade_timestamp': None, 'order_timestamp': 1731242018965, 'timestamp': 1731242019051, 'stream_type': 'REALTIME'}
[21:33:39.059][13]bit22222222222222222 매수대기 (C0106000000743348781),{'type': 'myOrder', 'code': 'KRW-XRP', 'uuid': 'C0106000000743348781', 'ask_bid': 'BID', 'order_type': 'limit', 'state': 'wait', 'trade_uuid': None, 'price': 825, 'volume': 3000, 'remaining_volume': 3000, 'executed_volume': 0, 'trades_count': 0, 'reserved_fee': 6187.5, 'remaining_fee': 6187.5, 'paid_fee': 0, 'executed_funds': 0, 'trade_timestamp': None, 'order_timestamp': 1731242018965, 'timestamp': 1731242019051, 'stream_type': 'REALTIME'}
[21:33:39.941][14]빗썸1111111111111매수신청 완료(C0106000000743348805), mode:1, result:{'uuid': 'C0106000000743348805', 'side': 'bid', 'ord_type': 'limit', 'price': '825', 'state': 'wait', 'market': 'KRW-XRP', 'created_at': '2024-11-10T21:33:39+09:00', 'volume': '728.39', 'remaining_volume': '728.39', 'reserved_fee': '1502.304375', 'remaining_fee': '1502.304375', 'paid_fee': '0', 'locked': '602425.054375', 'executed_volume': '0', 'trades_count': 0}
[21:33:40.013][14][bit](BID) 주문상태:wait, {'type': 'myOrder', 'code': 'KRW-XRP', 'uuid': 'C0106000000743348805', 'ask_bid': 'BID', 'order_type': 'limit', 'state': 'wait', 'trade_uuid': None, 'price': 825, 'volume': 728.39, 'remaining_volume': 728.39, 'executed_volume': 0, 'trades_count': 0, 'reserved_fee': 1502.304375, 'remaining_fee': 1502.304375, 'paid_fee': 0, 'executed_funds': 0, 'trade_timestamp': None, 'order_timestamp': 1731242019862, 'timestamp': 1731242020006, 'stream_type': 'REALTIME'}
[21:33:40.014][14]bit22222222222222222 매수대기 (C0106000000743348805),{'type': 'myOrder', 'code': 'KRW-XRP', 'uuid': 'C0106000000743348805', 'ask_bid': 'BID', 'order_type': 'limit', 'state': 'wait', 'trade_uuid': None, 'price': 825, 'volume': 728.39, 'remaining_volume': 728.39, 'executed_volume': 0, 'trades_count': 0, 'reserved_fee': 1502.304375, 'remaining_fee': 1502.304375, 'paid_fee': 0, 'executed_funds': 0, 'trade_timestamp': None, 'order_timestamp': 1731242019862, 'timestamp': 1731242020006, 'stream_type': 'REALTIME'}
[21:33:54.749][13]빗썸탈출신청(C0106000000743348781) mode:1, 빗썸매수3까지 내려옴. 매수금액(825.0), 매수2(826.0)
[21:33:54.750][14]빗썸탈출신청(C0106000000743348805) mode:1, 빗썸매수3까지 내려옴. 매수금액(825.0), 매수2(826.0)[21:33:54.750][12]빗썸탈출신청(C0106000000743348767) mode:1, 빗썸매수3까지 내려옴. 매수금액(825.0), 매수2(826.0)

[21:33:55.079][13]빗썸탈출신청결과(C0106000000743348781) status_code:200 , {'uuid': 'C0106000000743348781', 'side': 'bid', 'ord_type': 'limit', 'price': '825', 'state': 'wait', 'market': 'KRW-XRP', 'created_at': '2024-11-10T21:33:38+09:00', 'volume': '3000', 'remaining_volume': '3000', 'reserved_fee': '6187.5', 'remaining_fee': '6187.5', 'paid_fee': '0', 'locked': '2481188.5', 'executed_volume': '0', 'trades_count': 0}
[21:33:55.152][14]빗썸탈출신청결과(C0106000000743348805) status_code:200 , {'uuid': 'C0106000000743348805', 'side': 'bid', 'ord_type': 'limit', 'price': '825', 'state': 'wait', 'market': 'KRW-XRP', 'created_at': '2024-11-10T21:33:39+09:00', 'volume': '728.39', 'remaining_volume': '728.39', 'reserved_fee': '1502.304375', 'remaining_fee': '1502.304375', 'paid_fee': '0', 'locked': '602425.054375', 'executed_volume': '0', 'trades_count': 0}
[21:33:55.162][12]빗썸탈출신청결과(C0106000000743348767) status_code:200 , {'uuid': 'C0106000000743348767', 'side': 'bid', 'ord_type': 'limit', 'price': '825', 'state': 'wait', 'market': 'KRW-XRP', 'created_at': '2024-11-10T21:33:38+09:00', 'volume': '3000', 'remaining_volume': '3000', 'reserved_fee': '6187.5', 'remaining_fee': '6187.5', 'paid_fee': '0', 'locked': '2481188.5', 'executed_volume': '0', 'trades_count': 0}
[21:33:55.175][13][bit](BID) 주문상태:cancel, {'type': 'myOrder', 'code': 'KRW-XRP', 'uuid': 'C0106000000743348781', 'ask_bid': 'BID', 'order_type': 'limit', 'state': 'cancel', 'trade_uuid': None, 'price': 825, 'volume': 3000, 'remaining_volume': 3000, 'executed_volume': 0, 'trades_count': 0, 'reserved_fee': 6187.5, 'remaining_fee': 6187.5, 'paid_fee': 0, 'executed_funds': 0, 'trade_timestamp': None, 'order_timestamp': 1731242018965, 'timestamp': 1731242035150, 'stream_type': 'REALTIME'}
[21:33:55.175][13]bit33333333333333333 매수취소(C0106000000743348781), {'type': 'myOrder', 'code': 'KRW-XRP', 'uuid': 'C0106000000743348781', 'ask_bid': 'BID', 'order_type': 'limit', 'state': 'cancel', 'trade_uuid': None, 'price': 825, 'volume': 3000, 'remaining_volume': 3000, 'executed_volume': 0, 'trades_count': 0, 'reserved_fee': 6187.5, 'remaining_fee': 6187.5, 'paid_fee': 0, 'executed_funds': 0, 'trade_timestamp': None, 'order_timestamp': 1731242018965, 'timestamp': 1731242035150, 'stream_type': 'REALTIME'}
[21:33:55.175][13]bit 4444444444444 쓰레드 정리 isclear isClear(C0106000000743348781), 남은양:3000.0, {'type': 'myOrder', 'code': 'KRW-XRP', 'uuid': 'C0106000000743348781', 'ask_bid': 'BID', 'order_type': 'limit', 'state': 'cancel', 'trade_uuid': None, 'price': 825, 'volume': 3000, 'remaining_volume': 3000, 'executed_volume': 0, 'trades_count': 0, 'reserved_fee': 6187.5, 'remaining_fee': 6187.5, 'paid_fee': 0, 'executed_funds': 0, 'trade_timestamp': None, 'order_timestamp': 1731242018965, 'timestamp': 1731242035150, 'stream_type': 'REALTIME'}
[21:33:55.177][MyApi]stop_threads 시작 C0106000000743348781
[21:33:55.183]빗썸 [13][MyApi]쓰레드 종료
[21:33:55.184][13] 666666666666666 [MyApi]stop_threads 종료 C0106000000743348781
[21:33:55.220][14][bit](BID) 주문상태:cancel, {'type': 'myOrder', 'code': 'KRW-XRP', 'uuid': 'C0106000000743348805', 'ask_bid': 'BID', 'order_type': 'limit', 'state': 'cancel', 'trade_uuid': None, 'price': 825, 'volume': 728.39, 'remaining_volume': 728.39, 'executed_volume': 0, 'trades_count': 0, 'reserved_fee': 1502.304375, 'remaining_fee': 1502.304375, 'paid_fee': 0, 'executed_funds': 0, 'trade_timestamp': None, 'order_timestamp': 1731242019862, 'timestamp': 1731242035210, 'stream_type': 'REALTIME'}
[21:33:55.220][14]bit33333333333333333 매수취소(C0106000000743348805), {'type': 'myOrder', 'code': 'KRW-XRP', 'uuid': 'C0106000000743348805', 'ask_bid': 'BID', 'order_type': 'limit', 'state': 'cancel', 'trade_uuid': None, 'price': 825, 'volume': 728.39, 'remaining_volume': 728.39, 'executed_volume': 0, 'trades_count': 0, 'reserved_fee': 1502.304375, 'remaining_fee': 1502.304375, 'paid_fee': 0, 'executed_funds': 0, 'trade_timestamp': None, 'order_timestamp': 1731242019862, 'timestamp': 1731242035210, 'stream_type': 'REALTIME'}
[21:33:55.220][14]bit 4444444444444 쓰레드 정리 isclear isClear(C0106000000743348805), 남은양:728.39, {'type': 'myOrder', 'code': 'KRW-XRP', 'uuid': 'C0106000000743348805', 'ask_bid': 'BID', 'order_type': 'limit', 'state': 'cancel', 'trade_uuid': None, 'price': 825, 'volume': 728.39, 'remaining_volume': 728.39, 'executed_volume': 0, 'trades_count': 0, 'reserved_fee': 1502.304375, 'remaining_fee': 1502.304375, 'paid_fee': 0, 'executed_funds': 0, 'trade_timestamp': None, 'order_timestamp': 1731242019862, 'timestamp': 1731242035210, 'stream_type': 'REALTIME'}
[21:33:55.223][MyApi]stop_threads 시작 C0106000000743348805
[21:33:55.224][12][bit](BID) 주문상태:cancel, {'type': 'myOrder', 'code': 'KRW-XRP', 'uuid': 'C0106000000743348767', 'ask_bid': 'BID', 'order_type': 'limit', 'state': 'cancel', 'trade_uuid': None, 'price': 825, 'volume': 3000, 'remaining_volume': 3000, 'executed_volume': 0, 'trades_count': 0, 'reserved_fee': 6187.5, 'remaining_fee': 6187.5, 'paid_fee': 0, 'executed_funds': 0, 'trade_timestamp': None, 'order_timestamp': 1731242018169, 'timestamp': 1731242035211, 'stream_type': 'REALTIME'}
[21:33:55.224][12]bit33333333333333333 매수취소(C0106000000743348767), {'type': 'myOrder', 'code': 'KRW-XRP', 'uuid': 'C0106000000743348767', 'ask_bid': 'BID', 'order_type': 'limit', 'state': 'cancel', 'trade_uuid': None, 'price': 825, 'volume': 3000, 'remaining_volume': 3000, 'executed_volume': 0, 'trades_count': 0, 'reserved_fee': 6187.5, 'remaining_fee': 6187.5, 'paid_fee': 0, 'executed_funds': 0, 'trade_timestamp': None, 'order_timestamp': 1731242018169, 'timestamp': 1731242035211, 'stream_type': 'REALTIME'}
[21:33:55.224][12]bit 4444444444444 쓰레드 정리 isclear isClear(C0106000000743348767), 남은양:3000.0, {'type': 'myOrder', 'code': 'KRW-XRP', 'uuid': 'C0106000000743348767', 'ask_bid': 'BID', 'order_type': 'limit', 'state': 'cancel', 'trade_uuid': None, 'price': 825, 'volume': 3000, 'remaining_volume': 3000, 'executed_volume': 0, 'trades_count': 0, 'reserved_fee': 6187.5, 'remaining_fee': 6187.5, 'paid_fee': 0, 'executed_funds': 0, 'trade_timestamp': None, 'order_timestamp': 1731242018169, 'timestamp': 1731242035211, 'stream_type': 'REALTIME'}
[21:33:55.225]빗썸 [14][MyApi]쓰레드 종료
[21:33:55.225][14] 666666666666666 [MyApi]stop_threads 종료 C0106000000743348805
[21:33:55.227][MyApi]stop_threads 시작 C0106000000743348767
[21:33:55.231]빗썸 [12][MyApi]쓰레드 종료
[21:33:55.231][12] 666666666666666 [MyApi]stop_threads 종료 C0106000000743348767
[21:33:59.021][15]빗썸1111111111111매수신청 완료(C0106000000743349348), mode:1, result:{'uuid': 'C0106000000743349348', 'side': 'bid', 'ord_type': 'limit', 'price': '826', 'state': 'wait', 'market': 'KRW-XRP', 'created_at': '2024-11-10T21:33:58+09:00', 'volume': '3000', 'remaining_volume': '3000', 'reserved_fee': '6195', 'remaining_fee': '6195', 'paid_fee': '0', 'locked': '2484196', 'executed_volume': '0', 'trades_count': 0}
[21:33:59.025][15][bit](BID) 주문상태:wait, {'type': 'myOrder', 'code': 'KRW-XRP', 'uuid': 'C0106000000743349348', 'ask_bid': 'BID', 'order_type': 'limit', 'state': 'wait', 'trade_uuid': None, 'price': 826, 'volume': 3000, 'remaining_volume': 3000, 'executed_volume': 0, 'trades_count': 0, 'reserved_fee': 6195, 'remaining_fee': 6195, 'paid_fee': 0, 'executed_funds': 0, 'trade_timestamp': None, 'order_timestamp': 1731242038914, 'timestamp': 1731242039010, 'stream_type': 'REALTIME'}
[21:33:59.027][15]bit22222222222222222 매수대기 (C0106000000743349348),{'type': 'myOrder', 'code': 'KRW-XRP', 'uuid': 'C0106000000743349348', 'ask_bid': 'BID', 'order_type': 'limit', 'state': 'wait', 'trade_uuid': None, 'price': 826, 'volume': 3000, 'remaining_volume': 3000, 'executed_volume': 0, 'trades_count': 0, 'reserved_fee': 6195, 'remaining_fee': 6195, 'paid_fee': 0, 'executed_funds': 0, 'trade_timestamp': None, 'order_timestamp': 1731242038914, 'timestamp': 1731242039010, 'stream_type': 'REALTIME'}
[21:34:04.456][16]빗썸1111111111111매수신청 완료(C0106000000743349495), mode:1, result:{'uuid': 'C0106000000743349495', 'side': 'bid', 'ord_type': 'limit', 'price': '827', 'state': 'wait', 'market': 'KRW-XRP', 'created_at': '2024-11-10T21:34:04+09:00', 'volume': '2180.07482', 'remaining_volume': '2180.07482', 'reserved_fee': '4507.30469035', 'remaining_fee': '4507.30469035', 'paid_fee': '0', 'locked': '1807430.18083035', 'executed_volume': '0', 'trades_count': 0}
[21:34:04.539][16][bit](BID) 주문상태:wait, {'type': 'myOrder', 'code': 'KRW-XRP', 'uuid': 'C0106000000743349495', 'ask_bid': 'BID', 'order_type': 'limit', 'state': 'wait', 'trade_uuid': None, 'price': 827, 'volume': 2180.07482, 'remaining_volume': 2180.07482, 'executed_volume': 0, 'trades_count': 0, 'reserved_fee': 4507.30469035, 'remaining_fee': 4507.30469035, 'paid_fee': 0, 'executed_funds': 0, 'trade_timestamp': None, 'order_timestamp': 1731242044354, 'timestamp': 1731242044505, 'stream_type': 'REALTIME'}
[21:34:04.541][16]bit22222222222222222 매수대기 (C0106000000743349495),{'type': 'myOrder', 'code': 'KRW-XRP', 'uuid': 'C0106000000743349495', 'ask_bid': 'BID', 'order_type': 'limit', 'state': 'wait', 'trade_uuid': None, 'price': 827, 'volume': 2180.07482, 'remaining_volume': 2180.07482, 'executed_volume': 0, 'trades_count': 0, 'reserved_fee': 4507.30469035, 'remaining_fee': 4507.30469035, 'paid_fee': 0, 'executed_funds': 0, 'trade_timestamp': None, 'order_timestamp': 1731242044354, 'timestamp': 1731242044505, 'stream_type': 'REALTIME'}
[21:34:05.281][17]빗썸1111111111111매수신청 완료(C0106000000743349506), mode:1, result:{'uuid': 'C0106000000743349506', 'side': 'bid', 'ord_type': 'limit', 'price': '827', 'state': 'wait', 'market': 'KRW-XRP', 'created_at': '2024-11-10T21:34:05+09:00', 'volume': '1548.31518', 'remaining_volume': '1548.31518', 'reserved_fee': '3201.14163465', 'remaining_fee': '3201.14163465', 'paid_fee': '0', 'locked': '1283658.79549465', 'executed_volume': '0', 'trades_count': 0}
[21:34:05.335][17][bit](BID) 주문상태:wait, {'type': 'myOrder', 'code': 'KRW-XRP', 'uuid': 'C0106000000743349506', 'ask_bid': 'BID', 'order_type': 'limit', 'state': 'wait', 'trade_uuid': None, 'price': 827, 'volume': 1548.31518, 'remaining_volume': 1548.31518, 'executed_volume': 0, 'trades_count': 0, 'reserved_fee': 3201.14163465, 'remaining_fee': 3201.14163465, 'paid_fee': 0, 'executed_funds': 0, 'trade_timestamp': None, 'order_timestamp': 1731242045203, 'timestamp': 1731242045326, 'stream_type': 'REALTIME'}
[21:34:05.337][17]bit22222222222222222 매수대기 (C0106000000743349506),{'type': 'myOrder', 'code': 'KRW-XRP', 'uuid': 'C0106000000743349506', 'ask_bid': 'BID', 'order_type': 'limit', 'state': 'wait', 'trade_uuid': None, 'price': 827, 'volume': 1548.31518, 'remaining_volume': 1548.31518, 'executed_volume': 0, 'trades_count': 0, 'reserved_fee': 3201.14163465, 'remaining_fee': 3201.14163465, 'paid_fee': 0, 'executed_funds': 0, 'trade_timestamp': None, 'order_timestamp': 1731242045203, 'timestamp': 1731242045326, 'stream_type': 'REALTIME'}
[21:34:07.959][16][bit](BID) 주문상태:done, {'type': 'myOrder', 'code': 'KRW-XRP', 'uuid': 'C0106000000743349495', 'ask_bid': 'BID', 'order_type': 'limit', 'state': 'done', 'trade_uuid': 'C0106000000185978411', 'price': 827, 'volume': 2180.07482, 'remaining_volume': 0, 'executed_volume': 2180.07482, 'trades_count': 1, 'reserved_fee': 4507.30469035, 'remaining_fee': 4507.30469035, 'paid_fee': 0, 'executed_funds': 1802921.87614, 'trade_timestamp': 1731242047817, 'order_timestamp': 1731242044354, 'timestamp': 1731242047952, 'stream_type': 'REALTIME'}
[21:34:07.961][16]bit3333333333333333 매수성공(C0106000000743349495), 체결량:2180.07481999, {'type': 'myOrder', 'code': 'KRW-XRP', 'uuid': 'C0106000000743349495', 'ask_bid': 'BID', 'order_type': 'limit', 'state': 'done', 'trade_uuid': 'C0106000000185978411', 'price': 827, 'volume': 2180.07482, 'remaining_volume': 0, 'executed_volume': 2180.07482, 'trades_count': 1, 'reserved_fee': 4507.30469035, 'remaining_fee': 4507.30469035, 'paid_fee': 0, 'executed_funds': 1802921.87614, 'trade_timestamp': 1731242047817, 'order_timestamp': 1731242044354, 'timestamp': 1731242047952, 'stream_type': 'REALTIME'}
[21:34:07.961][16]SellToMarket(up) 시작 (C0106000000743349495),{'type': 'myOrder', 'code': 'KRW-XRP', 'uuid': 'C0106000000743349495', 'ask_bid': 'BID', 'order_type': 'limit', 'state': 'done', 'trade_uuid': 'C0106000000185978411', 'price': 827, 'volume': 2180.07482, 'remaining_volume': 0, 'executed_volume': 2180.07482, 'trades_count': 1, 'reserved_fee': 4507.30469035, 'remaining_fee': 4507.30469035, 'paid_fee': 0, 'executed_funds': 1802921.87614, 'trade_timestamp': 1731242047817, 'order_timestamp': 1731242044354, 'timestamp': 1731242047952, 'stream_type': 'REALTIME'}
[21:34:07.962][17][bit](BID) 주문상태:done, {'type': 'myOrder', 'code': 'KRW-XRP', 'uuid': 'C0106000000743349506', 'ask_bid': 'BID', 'order_type': 'limit', 'state': 'done', 'trade_uuid': 'C0106000000185978412', 'price': 827, 'volume': 1548.31518, 'remaining_volume': 0, 'executed_volume': 1548.31518, 'trades_count': 1, 'reserved_fee': 3201.14163465, 'remaining_fee': 3201.14163465, 'paid_fee': 0, 'executed_funds': 1280456.65386, 'trade_timestamp': 1731242047817, 'order_timestamp': 1731242045203, 'timestamp': 1731242047953, 'stream_type': 'REALTIME'}
[21:34:07.963][16]up매도직전 
[21:34:07.965][17]bit3333333333333333 매수성공(C0106000000743349506), 체결량:1548.31518, {'type': 'myOrder', 'code': 'KRW-XRP', 'uuid': 'C0106000000743349506', 'ask_bid': 'BID', 'order_type': 'limit', 'state': 'done', 'trade_uuid': 'C0106000000185978412', 'price': 827, 'volume': 1548.31518, 'remaining_volume': 0, 'executed_volume': 1548.31518, 'trades_count': 1, 'reserved_fee': 3201.14163465, 'remaining_fee': 3201.14163465, 'paid_fee': 0, 'executed_funds': 1280456.65386, 'trade_timestamp': 1731242047817, 'order_timestamp': 1731242045203, 'timestamp': 1731242047953, 'stream_type': 'REALTIME'}
[21:34:07.965][17]SellToMarket(up) 시작 (C0106000000743349506),{'type': 'myOrder', 'code': 'KRW-XRP', 'uuid': 'C0106000000743349506', 'ask_bid': 'BID', 'order_type': 'limit', 'state': 'done', 'trade_uuid': 'C0106000000185978412', 'price': 827, 'volume': 1548.31518, 'remaining_volume': 0, 'executed_volume': 1548.31518, 'trades_count': 1, 'reserved_fee': 3201.14163465, 'remaining_fee': 3201.14163465, 'paid_fee': 0, 'executed_funds': 1280456.65386, 'trade_timestamp': 1731242047817, 'order_timestamp': 1731242045203, 'timestamp': 1731242047953, 'stream_type': 'REALTIME'}
[21:34:07.966][17]up매도직전 
[21:34:08.011][16]빗썸탈출신청(C0106000000743349495) mode:1, 매수하고 남은 양이 너무 적음. 매수되버리면 짜투리 됨 0.0
[21:34:08.018]코인 오버 [13456.38/9751.0], 1회 거래량:3000.0, 빗썸:6727.99, 업빗:6728.39
[21:34:08.018][17]빗썸탈출신청(C0106000000743349506) mode:1, 매수하고 남은 양이 너무 적음. 매수되버리면 짜투리 됨 0.0
[21:34:08.191][16]up매도직후2 result:{'uuid': '6b8bd356-994e-4591-a77e-963373cac989', 'side': 'ask', 'ord_type': 'market', 'state': 'wait', 'market': 'KRW-XRP', 'created_at': '2024-11-10T21:34:08+09:00', 'volume': '2180.07481999', 'remaining_volume': '2180.07481999', 'reserved_fee': '0', 'remaining_fee': '0', 'paid_fee': '0', 'locked': '2180.07481999', 'executed_volume': '0', 'trades_count': 0} 
[21:34:08.191][16]up 555555555555555 매도신청 완료 (6b8bd356-994e-4591-a77e-963373cac989),{'uuid': '6b8bd356-994e-4591-a77e-963373cac989', 'side': 'ask', 'ord_type': 'market', 'state': 'wait', 'market': 'KRW-XRP', 'created_at': '2024-11-10T21:34:08+09:00', 'volume': '2180.07481999', 'remaining_volume': '2180.07481999', 'reserved_fee': '0', 'remaining_fee': '0', 'paid_fee': '0', 'locked': '2180.07481999', 'executed_volume': '0', 'trades_count': 0}
[21:34:08.196][16]bit 4444444444444 쓰레드 정리 isclear isClear(C0106000000743349495), 남은양:0.0, {'type': 'myOrder', 'code': 'KRW-XRP', 'uuid': 'C0106000000743349495', 'ask_bid': 'BID', 'order_type': 'limit', 'state': 'done', 'trade_uuid': 'C0106000000185978411', 'price': 827, 'volume': 2180.07482, 'remaining_volume': 0, 'executed_volume': 2180.07482, 'trades_count': 1, 'reserved_fee': 4507.30469035, 'remaining_fee': 4507.30469035, 'paid_fee': 0, 'executed_funds': 1802921.87614, 'trade_timestamp': 1731242047817, 'order_timestamp': 1731242044354, 'timestamp': 1731242047952, 'stream_type': 'REALTIME'}
[21:34:08.197][MyApi]stop_threads 시작 C0106000000743349495
[21:34:08.225][16][up](ASK) 주문상태:wait, {'type': 'myOrder', 'code': 'KRW-XRP', 'uuid': '6b8bd356-994e-4591-a77e-963373cac989', 'ask_bid': 'ASK', 'order_type': 'market', 'state': 'wait', 'trade_uuid': None, 'price': None, 'avg_price': 0, 'volume': 2180.07481999, 'remaining_volume': 2180.07481999, 'executed_volume': 0, 'trades_count': 0, 'reserved_fee': 0, 'remaining_fee': 0, 'paid_fee': 0, 'locked': 2180.07481999, 'executed_funds': 0, 'time_in_force': None, 'trade_timestamp': None, 'order_timestamp': 1731242048000, 'timestamp': 1731242048208, 'stream_type': 'REALTIME'}
[21:34:08.234][16][up](ASK) 주문상태:trade, {'type': 'myOrder', 'code': 'KRW-XRP', 'uuid': '6b8bd356-994e-4591-a77e-963373cac989', 'ask_bid': 'ASK', 'order_type': 'market', 'state': 'trade', 'trade_uuid': '000a8542-39ae-4670-b9f6-2f7b90943f1d', 'price': 827.8, 'avg_price': 827.3861, 'volume': 623.63406482, 'remaining_volume': 0, 'executed_volume': 2180.07481999, 'trades_count': 2, 'reserved_fee': 0, 'remaining_fee': 0, 'paid_fee': 902.332967993861, 'locked': 0, 'executed_funds': 1804665.935987722, 'time_in_force': None, 'trade_timestamp': 1731242048183, 'order_timestamp': 1731242048000, 'timestamp': 1731242048223, 'stream_type': 'REALTIME'}
[21:34:08.234][16]up 77777777777 매도 완료 매수:C0106000000743349495, 매도:(6b8bd356-994e-4591-a77e-963373cac989), {'type': 'myOrder', 'code': 'KRW-XRP', 'uuid': '6b8bd356-994e-4591-a77e-963373cac989', 'ask_bid': 'ASK', 'order_type': 'market', 'state': 'trade', 'trade_uuid': '000a8542-39ae-4670-b9f6-2f7b90943f1d', 'price': 827.8, 'avg_price': 827.3861, 'volume': 623.63406482, 'remaining_volume': 0, 'executed_volume': 2180.07481999, 'trades_count': 2, 'reserved_fee': 0, 'remaining_fee': 0, 'paid_fee': 902.332967993861, 'locked': 0, 'executed_funds': 1804665.935987722, 'time_in_force': None, 'trade_timestamp': 1731242048183, 'order_timestamp': 1731242048000, 'timestamp': 1731242048223, 'stream_type': 'REALTIME'}
[21:34:08.251][16][up](ASK) 주문상태:trade, {'type': 'myOrder', 'code': 'KRW-XRP', 'uuid': '6b8bd356-994e-4591-a77e-963373cac989', 'ask_bid': 'ASK', 'order_type': 'market', 'state': 'trade', 'trade_uuid': '5cc4be14-9f5e-4ebf-9602-8b76e953aa41', 'price': 827.8, 'avg_price': 827.3861, 'volume': 1556.44075517, 'remaining_volume': 0, 'executed_volume': 2180.07481999, 'trades_count': 2, 'reserved_fee': 0, 'remaining_fee': 0, 'paid_fee': 902.332967993861, 'locked': 0, 'executed_funds': 1804665.935987722, 'time_in_force': None, 'trade_timestamp': 1731242048183, 'order_timestamp': 1731242048000, 'timestamp': 1731242048224, 'stream_type': 'REALTIME'}
[21:34:08.251][16]up 77777777777 매도 완료 매수:C0106000000743349495, 매도:(6b8bd356-994e-4591-a77e-963373cac989), {'type': 'myOrder', 'code': 'KRW-XRP', 'uuid': '6b8bd356-994e-4591-a77e-963373cac989', 'ask_bid': 'ASK', 'order_type': 'market', 'state': 'trade', 'trade_uuid': '5cc4be14-9f5e-4ebf-9602-8b76e953aa41', 'price': 827.8, 'avg_price': 827.3861, 'volume': 1556.44075517, 'remaining_volume': 0, 'executed_volume': 2180.07481999, 'trades_count': 2, 'reserved_fee': 0, 'remaining_fee': 0, 'paid_fee': 902.332967993861, 'locked': 0, 'executed_funds': 1804665.935987722, 'time_in_force': None, 'trade_timestamp': 1731242048183, 'order_timestamp': 1731242048000, 'timestamp': 1731242048224, 'stream_type': 'REALTIME'}
[21:34:08.264][16][up](ASK) 주문상태:done, {'type': 'myOrder', 'code': 'KRW-XRP', 'uuid': '6b8bd356-994e-4591-a77e-963373cac989', 'ask_bid': 'ASK', 'order_type': 'market', 'state': 'done', 'trade_uuid': None, 'price': None, 'avg_price': 827.3861, 'volume': 2180.07481999, 'remaining_volume': 0, 'executed_volume': 2180.07481999, 'trades_count': 2, 'reserved_fee': 0, 'remaining_fee': 0, 'paid_fee': 902.332967993861, 'locked': 0, 'executed_funds': 1804665.935987722, 'time_in_force': None, 'trade_timestamp': None, 'order_timestamp': 1731242048000, 'timestamp': 1731242048224, 'stream_type': 'REALTIME'}
[21:34:08.264]myOrder error:6b8bd356-994e-4591-a77e-963373cac989, {'type': 'myOrder', 'code': 'KRW-XRP', 'uuid': '6b8bd356-994e-4591-a77e-963373cac989', 'ask_bid': 'ASK', 'order_type': 'market', 'state': 'trade', 'trade_uuid': '5cc4be14-9f5e-4ebf-9602-8b76e953aa41', 'price': 827.8, 'avg_price': 827.3861, 'volume': 1556.44075517, 'remaining_volume': 0, 'executed_volume': 2180.07481999, 'trades_count': 2, 'reserved_fee': 0, 'remaining_fee': 0, 'paid_fee': 902.332967993861, 'locked': 0, 'executed_funds': 1804665.935987722, 'time_in_force': None, 'trade_timestamp': 1731242048183, 'order_timestamp': 1731242048000, 'timestamp': 1731242048224, 'stream_type': 'REALTIME'}, e:Type(<class 'UnboundLocalError'>), Message(No message)
[21:34:08.274][17]up매도직후2 result:{'uuid': '3687b29e-b504-4d1f-9e5d-eb4c48cff814', 'side': 'ask', 'ord_type': 'market', 'state': 'wait', 'market': 'KRW-XRP', 'created_at': '2024-11-10T21:34:08+09:00', 'volume': '1548.31518', 'remaining_volume': '1548.31518', 'reserved_fee': '0', 'remaining_fee': '0', 'paid_fee': '0', 'locked': '1548.31518', 'executed_volume': '0', 'trades_count': 0} 
[21:34:08.275][17]up 555555555555555 매도신청 완료 (3687b29e-b504-4d1f-9e5d-eb4c48cff814),{'uuid': '3687b29e-b504-4d1f-9e5d-eb4c48cff814', 'side': 'ask', 'ord_type': 'market', 'state': 'wait', 'market': 'KRW-XRP', 'created_at': '2024-11-10T21:34:08+09:00', 'volume': '1548.31518', 'remaining_volume': '1548.31518', 'reserved_fee': '0', 'remaining_fee': '0', 'paid_fee': '0', 'locked': '1548.31518', 'executed_volume': '0', 'trades_count': 0}
[21:34:08.277][17]bit 4444444444444 쓰레드 정리 isclear isClear(C0106000000743349506), 남은양:0.0, {'type': 'myOrder', 'code': 'KRW-XRP', 'uuid': 'C0106000000743349506', 'ask_bid': 'BID', 'order_type': 'limit', 'state': 'done', 'trade_uuid': 'C0106000000185978412', 'price': 827, 'volume': 1548.31518, 'remaining_volume': 0, 'executed_volume': 1548.31518, 'trades_count': 1, 'reserved_fee': 3201.14163465, 'remaining_fee': 3201.14163465, 'paid_fee': 0, 'executed_funds': 1280456.65386, 'trade_timestamp': 1731242047817, 'order_timestamp': 1731242045203, 'timestamp': 1731242047953, 'stream_type': 'REALTIME'}
[21:34:08.278][MyApi]stop_threads 시작 C0106000000743349506
[21:34:08.303][17][up](ASK) 주문상태:wait, {'type': 'myOrder', 'code': 'KRW-XRP', 'uuid': '3687b29e-b504-4d1f-9e5d-eb4c48cff814', 'ask_bid': 'ASK', 'order_type': 'market', 'state': 'wait', 'trade_uuid': None, 'price': None, 'avg_price': 0, 'volume': 1548.31518, 'remaining_volume': 1548.31518, 'executed_volume': 0, 'trades_count': 0, 'reserved_fee': 0, 'remaining_fee': 0, 'paid_fee': 0, 'locked': 1548.31518, 'executed_funds': 0, 'time_in_force': None, 'trade_timestamp': None, 'order_timestamp': 1731242048000, 'timestamp': 1731242048291, 'stream_type': 'REALTIME'}
[21:34:08.332][17][up](ASK) 주문상태:trade, {'type': 'myOrder', 'code': 'KRW-XRP', 'uuid': '3687b29e-b504-4d1f-9e5d-eb4c48cff814', 'ask_bid': 'ASK', 'order_type': 'market', 'state': 'trade', 'trade_uuid': '22f3c7a9-61ef-4642-8461-5339daeddc42', 'price': 827.8, 'avg_price': 827.3861, 'volume': 1548.31518, 'remaining_volume': 0, 'executed_volume': 1548.31518, 'trades_count': 1, 'reserved_fee': 0, 'remaining_fee': 0, 'paid_fee': 640.847653002, 'locked': 0, 'executed_funds': 1281695.306004, 'time_in_force': None, 'trade_timestamp': 1731242048268, 'order_timestamp': 1731242048000, 'timestamp': 1731242048323, 'stream_type': 'REALTIME'}
[21:34:08.332][17]up 77777777777 매도 완료 매수:C0106000000743349506, 매도:(3687b29e-b504-4d1f-9e5d-eb4c48cff814), {'type': 'myOrder', 'code': 'KRW-XRP', 'uuid': '3687b29e-b504-4d1f-9e5d-eb4c48cff814', 'ask_bid': 'ASK', 'order_type': 'market', 'state': 'trade', 'trade_uuid': '22f3c7a9-61ef-4642-8461-5339daeddc42', 'price': 827.8, 'avg_price': 827.3861, 'volume': 1548.31518, 'remaining_volume': 0, 'executed_volume': 1548.31518, 'trades_count': 1, 'reserved_fee': 0, 'remaining_fee': 0, 'paid_fee': 640.847653002, 'locked': 0, 'executed_funds': 1281695.306004, 'time_in_force': None, 'trade_timestamp': 1731242048268, 'order_timestamp': 1731242048000, 'timestamp': 1731242048323, 'stream_type': 'REALTIME'}
[21:34:08.337][17][up](ASK) 주문상태:done, {'type': 'myOrder', 'code': 'KRW-XRP', 'uuid': '3687b29e-b504-4d1f-9e5d-eb4c48cff814', 'ask_bid': 'ASK', 'order_type': 'market', 'state': 'done', 'trade_uuid': None, 'price': None, 'avg_price': 827.3861, 'volume': 1548.31518, 'remaining_volume': 0, 'executed_volume': 1548.31518, 'trades_count': 1, 'reserved_fee': 0, 'remaining_fee': 0, 'paid_fee': 640.847653002, 'locked': 0, 'executed_funds': 1281695.306004, 'time_in_force': None, 'trade_timestamp': None, 'order_timestamp': 1731242048000, 'timestamp': 1731242048323, 'stream_type': 'REALTIME'}
[21:34:08.393][17]빗썸탈출신청결과(C0106000000743349506) status_code:404 , {'error': {'name': 'order_not_found', 'message': '주문을 찾지 못했습니다.'}}
[21:34:08.401]빗썸 [17][MyApi]쓰레드 종료
[21:34:08.401][17] 666666666666666 [MyApi]stop_threads 종료 C0106000000743349506
[21:34:08.407][16]빗썸탈출신청결과(C0106000000743349495) status_code:404 , {'error': {'name': 'order_not_found', 'message': '주문을 찾지 못했습니다.'}}
[21:34:08.414]빗썸 [16][MyApi]쓰레드 종료
[21:34:08.414][16] 666666666666666 [MyApi]stop_threads 종료 C0106000000743349495
[21:34:16.922][15][bit](BID) 주문상태:trade, {'type': 'myOrder', 'code': 'KRW-XRP', 'uuid': 'C0106000000743349348', 'ask_bid': 'BID', 'order_type': 'limit', 'state': 'trade', 'trade_uuid': 'C0106000000185978604', 'price': 826, 'volume': 978.42148544, 'remaining_volume': 2021.57851456, 'executed_volume': 978.42148544, 'trades_count': 1, 'reserved_fee': 6195, 'remaining_fee': 6195, 'paid_fee': 0, 'executed_funds': 808176.14697344, 'trade_timestamp': 1731242056768, 'order_timestamp': 1731242038914, 'timestamp': 1731242056907, 'stream_type': 'REALTIME'}
[21:34:16.923][15][bit](BID) 주문상태:trade, {'type': 'myOrder', 'code': 'KRW-XRP', 'uuid': 'C0106000000743349348', 'ask_bid': 'BID', 'order_type': 'limit', 'state': 'trade', 'trade_uuid': 'C0106000000185978605', 'price': 826, 'volume': 1286.2314, 'remaining_volume': 1713.7686, 'executed_volume': 1286.2314, 'trades_count': 1, 'reserved_fee': 6195, 'remaining_fee': 6195, 'paid_fee': 0, 'executed_funds': 1062427.1364, 'trade_timestamp': 1731242056769, 'order_timestamp': 1731242038914, 'timestamp': 1731242056908, 'stream_type': 'REALTIME'}
[21:34:16.924][15]bit33333333333333333 매수 부분매수(C0106000000743349348), {'type': 'myOrder', 'code': 'KRW-XRP', 'uuid': 'C0106000000743349348', 'ask_bid': 'BID', 'order_type': 'limit', 'state': 'trade', 'trade_uuid': 'C0106000000185978604', 'price': 826, 'volume': 978.42148544, 'remaining_volume': 2021.57851456, 'executed_volume': 978.42148544, 'trades_count': 1, 'reserved_fee': 6195, 'remaining_fee': 6195, 'paid_fee': 0, 'executed_funds': 808176.14697344, 'trade_timestamp': 1731242056768, 'order_timestamp': 1731242038914, 'timestamp': 1731242056907, 'stream_type': 'REALTIME'}
[21:34:16.924][15]SellToMarket(up) 시작 (C0106000000743349348),{'type': 'myOrder', 'code': 'KRW-XRP', 'uuid': 'C0106000000743349348', 'ask_bid': 'BID', 'order_type': 'limit', 'state': 'trade', 'trade_uuid': 'C0106000000185978604', 'price': 826, 'volume': 978.42148544, 'remaining_volume': 2021.57851456, 'executed_volume': 978.42148544, 'trades_count': 1, 'reserved_fee': 6195, 'remaining_fee': 6195, 'paid_fee': 0, 'executed_funds': 808176.14697344, 'trade_timestamp': 1731242056768, 'order_timestamp': 1731242038914, 'timestamp': 1731242056907, 'stream_type': 'REALTIME'}
[21:34:16.925][15]bit33333333333333333 매수 부분매수(C0106000000743349348), {'type': 'myOrder', 'code': 'KRW-XRP', 'uuid': 'C0106000000743349348', 'ask_bid': 'BID', 'order_type': 'limit', 'state': 'trade', 'trade_uuid': 'C0106000000185978605', 'price': 826, 'volume': 1286.2314, 'remaining_volume': 1713.7686, 'executed_volume': 1286.2314, 'trades_count': 1, 'reserved_fee': 6195, 'remaining_fee': 6195, 'paid_fee': 0, 'executed_funds': 1062427.1364, 'trade_timestamp': 1731242056769, 'order_timestamp': 1731242038914, 'timestamp': 1731242056908, 'stream_type': 'REALTIME'}
[21:34:16.925][15]SellToMarket(up) 시작 (C0106000000743349348),{'type': 'myOrder', 'code': 'KRW-XRP', 'uuid': 'C0106000000743349348', 'ask_bid': 'BID', 'order_type': 'limit', 'state': 'trade', 'trade_uuid': 'C0106000000185978605', 'price': 826, 'volume': 1286.2314, 'remaining_volume': 1713.7686, 'executed_volume': 1286.2314, 'trades_count': 1, 'reserved_fee': 6195, 'remaining_fee': 6195, 'paid_fee': 0, 'executed_funds': 1062427.1364, 'trade_timestamp': 1731242056769, 'order_timestamp': 1731242038914, 'timestamp': 1731242056908, 'stream_type': 'REALTIME'}
[21:34:16.926][15]up매도직전 
[21:34:16.928][15]up매도직전 
[21:34:17.015][15][bit](BID) 주문상태:done, {'type': 'myOrder', 'code': 'KRW-XRP', 'uuid': 'C0106000000743349348', 'ask_bid': 'BID', 'order_type': 'limit', 'state': 'done', 'trade_uuid': 'C0106000000185978616', 'price': 826, 'volume': 3000, 'remaining_volume': 0, 'executed_volume': 735.34711456, 'trades_count': 1, 'reserved_fee': 6195, 'remaining_fee': 1518.4917915664, 'paid_fee': 0, 'executed_funds': 607396.71662656, 'trade_timestamp': 1731242056867, 'order_timestamp': 1731242038914, 'timestamp': 1731242057003, 'stream_type': 'REALTIME'}
[21:34:17.017][15]bit3333333333333333 매수성공(C0106000000743349348), 체결량:735.34711456, {'type': 'myOrder', 'code': 'KRW-XRP', 'uuid': 'C0106000000743349348', 'ask_bid': 'BID', 'order_type': 'limit', 'state': 'done', 'trade_uuid': 'C0106000000185978616', 'price': 826, 'volume': 3000, 'remaining_volume': 0, 'executed_volume': 735.34711456, 'trades_count': 1, 'reserved_fee': 6195, 'remaining_fee': 1518.4917915664, 'paid_fee': 0, 'executed_funds': 607396.71662656, 'trade_timestamp': 1731242056867, 'order_timestamp': 1731242038914, 'timestamp': 1731242057003, 'stream_type': 'REALTIME'}
[21:34:17.017][15]SellToMarket(up) 시작 (C0106000000743349348),{'type': 'myOrder', 'code': 'KRW-XRP', 'uuid': 'C0106000000743349348', 'ask_bid': 'BID', 'order_type': 'limit', 'state': 'done', 'trade_uuid': 'C0106000000185978616', 'price': 826, 'volume': 3000, 'remaining_volume': 0, 'executed_volume': 735.34711456, 'trades_count': 1, 'reserved_fee': 6195, 'remaining_fee': 1518.4917915664, 'paid_fee': 0, 'executed_funds': 607396.71662656, 'trade_timestamp': 1731242056867, 'order_timestamp': 1731242038914, 'timestamp': 1731242057003, 'stream_type': 'REALTIME'}
[21:34:17.018][15]up매도직전 
[21:34:17.081][15]up매도직후2 result:{'uuid': 'e238b991-dbba-424f-b84e-5f1a0dd8801c', 'side': 'ask', 'ord_type': 'market', 'state': 'wait', 'market': 'KRW-XRP', 'created_at': '2024-11-10T21:34:17+09:00', 'volume': '978.42148544', 'remaining_volume': '978.42148544', 'reserved_fee': '0', 'remaining_fee': '0', 'paid_fee': '0', 'locked': '978.42148544', 'executed_volume': '0', 'trades_count': 0} 
[21:34:17.081][15]up 555555555555555 매도신청 완료 (e238b991-dbba-424f-b84e-5f1a0dd8801c),{'uuid': 'e238b991-dbba-424f-b84e-5f1a0dd8801c', 'side': 'ask', 'ord_type': 'market', 'state': 'wait', 'market': 'KRW-XRP', 'created_at': '2024-11-10T21:34:17+09:00', 'volume': '978.42148544', 'remaining_volume': '978.42148544', 'reserved_fee': '0', 'remaining_fee': '0', 'paid_fee': '0', 'locked': '978.42148544', 'executed_volume': '0', 'trades_count': 0}
[21:34:17.090][15]up매도직후2 result:{'uuid': '57e2c058-9863-474a-8889-42fcf9b91128', 'side': 'ask', 'ord_type': 'market', 'state': 'wait', 'market': 'KRW-XRP', 'created_at': '2024-11-10T21:34:17+09:00', 'volume': '1286.23139999', 'remaining_volume': '1286.23139999', 'reserved_fee': '0', 'remaining_fee': '0', 'paid_fee': '0', 'locked': '1286.23139999', 'executed_volume': '0', 'trades_count': 0} 
[21:34:17.091][15]up 555555555555555 매도신청 완료 (57e2c058-9863-474a-8889-42fcf9b91128),{'uuid': '57e2c058-9863-474a-8889-42fcf9b91128', 'side': 'ask', 'ord_type': 'market', 'state': 'wait', 'market': 'KRW-XRP', 'created_at': '2024-11-10T21:34:17+09:00', 'volume': '1286.23139999', 'remaining_volume': '1286.23139999', 'reserved_fee': '0', 'remaining_fee': '0', 'paid_fee': '0', 'locked': '1286.23139999', 'executed_volume': '0', 'trades_count': 0}
[21:34:17.101][15]빗썸탈출신청(C0106000000743349348) mode:1, 매수하고 남은 양이 너무 적음. 매수되버리면 짜투리 됨 1.0000007932831068e-08
[21:34:17.123][15][up](ASK) 주문상태:wait, {'type': 'myOrder', 'code': 'KRW-XRP', 'uuid': 'e238b991-dbba-424f-b84e-5f1a0dd8801c', 'ask_bid': 'ASK', 'order_type': 'market', 'state': 'wait', 'trade_uuid': None, 'price': None, 'avg_price': 0, 'volume': 978.42148544, 'remaining_volume': 978.42148544, 'executed_volume': 0, 'trades_count': 0, 'reserved_fee': 0, 'remaining_fee': 0, 'paid_fee': 0, 'locked': 978.42148544, 'executed_funds': 0, 'time_in_force': None, 'trade_timestamp': None, 'order_timestamp': 1731242057000, 'timestamp': 1731242057087, 'stream_type': 'REALTIME'}
[21:34:17.126][15][up](ASK) 주문상태:wait, {'type': 'myOrder', 'code': 'KRW-XRP', 'uuid': '57e2c058-9863-474a-8889-42fcf9b91128', 'ask_bid': 'ASK', 'order_type': 'market', 'state': 'wait', 'trade_uuid': None, 'price': None, 'avg_price': 0, 'volume': 1286.23139999, 'remaining_volume': 1286.23139999, 'executed_volume': 0, 'trades_count': 0, 'reserved_fee': 0, 'remaining_fee': 0, 'paid_fee': 0, 'locked': 1286.23139999, 'executed_funds': 0, 'time_in_force': None, 'trade_timestamp': None, 'order_timestamp': 1731242057000, 'timestamp': 1731242057107, 'stream_type': 'REALTIME'}
[21:34:17.135][15]up매도직후2 result:{'uuid': '4cb7b6fe-5ddd-4ded-9019-cd591ef7d1d0', 'side': 'ask', 'ord_type': 'market', 'state': 'wait', 'market': 'KRW-XRP', 'created_at': '2024-11-10T21:34:17+09:00', 'volume': '735.34711456', 'remaining_volume': '735.34711456', 'reserved_fee': '0', 'remaining_fee': '0', 'paid_fee': '0', 'locked': '735.34711456', 'executed_volume': '0', 'trades_count': 0} 
[21:34:17.138][15]up 555555555555555 매도신청 완료 (4cb7b6fe-5ddd-4ded-9019-cd591ef7d1d0),{'uuid': '4cb7b6fe-5ddd-4ded-9019-cd591ef7d1d0', 'side': 'ask', 'ord_type': 'market', 'state': 'wait', 'market': 'KRW-XRP', 'created_at': '2024-11-10T21:34:17+09:00', 'volume': '735.34711456', 'remaining_volume': '735.34711456', 'reserved_fee': '0', 'remaining_fee': '0', 'paid_fee': '0', 'locked': '735.34711456', 'executed_volume': '0', 'trades_count': 0}
[21:34:17.140][15]bit 4444444444444 쓰레드 정리 isclear isClear(C0106000000743349348), 남은양:1.0000007932831068e-08, {'type': 'myOrder', 'code': 'KRW-XRP', 'uuid': 'C0106000000743349348', 'ask_bid': 'BID', 'order_type': 'limit', 'state': 'done', 'trade_uuid': 'C0106000000185978616', 'price': 826, 'volume': 3000, 'remaining_volume': 0, 'executed_volume': 735.34711456, 'trades_count': 1, 'reserved_fee': 6195, 'remaining_fee': 1518.4917915664, 'paid_fee': 0, 'executed_funds': 607396.71662656, 'trade_timestamp': 1731242056867, 'order_timestamp': 1731242038914, 'timestamp': 1731242057003, 'stream_type': 'REALTIME'}
[21:34:17.142][MyApi]stop_threads 시작 C0106000000743349348
[21:34:17.152][15][up](ASK) 주문상태:trade, {'type': 'myOrder', 'code': 'KRW-XRP', 'uuid': 'e238b991-dbba-424f-b84e-5f1a0dd8801c', 'ask_bid': 'ASK', 'order_type': 'market', 'state': 'trade', 'trade_uuid': 'a36aa13d-ffb2-4baa-bc36-74160cec46bc', 'price': 827.6, 'avg_price': 827.1862, 'volume': 978.42148544, 'remaining_volume': 0, 'executed_volume': 978.42148544, 'trades_count': 1, 'reserved_fee': 0, 'remaining_fee': 0, 'paid_fee': 404.870810675072, 'locked': 0, 'executed_funds': 809741.621350144, 'time_in_force': None, 'trade_timestamp': 1731242057077, 'order_timestamp': 1731242057000, 'timestamp': 1731242057141, 'stream_type': 'REALTIME'}
[21:34:17.153][15]up 77777777777 매도 완료 매수:C0106000000743349348, 매도:(e238b991-dbba-424f-b84e-5f1a0dd8801c), {'type': 'myOrder', 'code': 'KRW-XRP', 'uuid': 'e238b991-dbba-424f-b84e-5f1a0dd8801c', 'ask_bid': 'ASK', 'order_type': 'market', 'state': 'trade', 'trade_uuid': 'a36aa13d-ffb2-4baa-bc36-74160cec46bc', 'price': 827.6, 'avg_price': 827.1862, 'volume': 978.42148544, 'remaining_volume': 0, 'executed_volume': 978.42148544, 'trades_count': 1, 'reserved_fee': 0, 'remaining_fee': 0, 'paid_fee': 404.870810675072, 'locked': 0, 'executed_funds': 809741.621350144, 'time_in_force': None, 'trade_timestamp': 1731242057077, 'order_timestamp': 1731242057000, 'timestamp': 1731242057141, 'stream_type': 'REALTIME'}
[21:34:17.156][up]프로그램으로 신청한게 아닌거 같음. 확인 필요.e238b991-dbba-424f-b84e-5f1a0dd8801c, done, {'type': 'myOrder', 'code': 'KRW-XRP', 'uuid': 'e238b991-dbba-424f-b84e-5f1a0dd8801c', 'ask_bid': 'ASK', 'order_type': 'market', 'state': 'done', 'trade_uuid': None, 'price': None, 'avg_price': 827.1862, 'volume': 978.42148544, 'remaining_volume': 0, 'executed_volume': 978.42148544, 'trades_count': 1, 'reserved_fee': 0, 'remaining_fee': 0, 'paid_fee': 404.870810675072, 'locked': 0, 'executed_funds': 809741.621350144, 'time_in_force': None, 'trade_timestamp': None, 'order_timestamp': 1731242057000, 'timestamp': 1731242057142, 'stream_type': 'REALTIME'}
[21:34:17.165][15][up](ASK) 주문상태:wait, {'type': 'myOrder', 'code': 'KRW-XRP', 'uuid': '4cb7b6fe-5ddd-4ded-9019-cd591ef7d1d0', 'ask_bid': 'ASK', 'order_type': 'market', 'state': 'wait', 'trade_uuid': None, 'price': None, 'avg_price': 0, 'volume': 735.34711456, 'remaining_volume': 735.34711456, 'executed_volume': 0, 'trades_count': 0, 'reserved_fee': 0, 'remaining_fee': 0, 'paid_fee': 0, 'locked': 735.34711456, 'executed_funds': 0, 'time_in_force': None, 'trade_timestamp': None, 'order_timestamp': 1731242057000, 'timestamp': 1731242057141, 'stream_type': 'REALTIME'}
[21:34:17.175][15][up](ASK) 주문상태:trade, {'type': 'myOrder', 'code': 'KRW-XRP', 'uuid': '57e2c058-9863-474a-8889-42fcf9b91128', 'ask_bid': 'ASK', 'order_type': 'market', 'state': 'trade', 'trade_uuid': 'f20b92b2-e33d-4991-818c-bf07d0347308', 'price': 827.6, 'avg_price': 827.1862, 'volume': 1286.23139999, 'remaining_volume': 0, 'executed_volume': 1286.23139999, 'trades_count': 1, 'reserved_fee': 0, 'remaining_fee': 0, 'paid_fee': 532.242553315862, 'locked': 0, 'executed_funds': 1064485.106631724, 'time_in_force': None, 'trade_timestamp': 1731242057086, 'order_timestamp': 1731242057000, 'timestamp': 1731242057163, 'stream_type': 'REALTIME'}
[21:34:17.175][15]up 77777777777 매도 완료 매수:C0106000000743349348, 매도:(57e2c058-9863-474a-8889-42fcf9b91128), {'type': 'myOrder', 'code': 'KRW-XRP', 'uuid': '57e2c058-9863-474a-8889-42fcf9b91128', 'ask_bid': 'ASK', 'order_type': 'market', 'state': 'trade', 'trade_uuid': 'f20b92b2-e33d-4991-818c-bf07d0347308', 'price': 827.6, 'avg_price': 827.1862, 'volume': 1286.23139999, 'remaining_volume': 0, 'executed_volume': 1286.23139999, 'trades_count': 1, 'reserved_fee': 0, 'remaining_fee': 0, 'paid_fee': 532.242553315862, 'locked': 0, 'executed_funds': 1064485.106631724, 'time_in_force': None, 'trade_timestamp': 1731242057086, 'order_timestamp': 1731242057000, 'timestamp': 1731242057163, 'stream_type': 'REALTIME'}
[21:34:17.186][15][up](ASK) 주문상태:done, {'type': 'myOrder', 'code': 'KRW-XRP', 'uuid': '57e2c058-9863-474a-8889-42fcf9b91128', 'ask_bid': 'ASK', 'order_type': 'market', 'state': 'done', 'trade_uuid': None, 'price': None, 'avg_price': 827.1862, 'volume': 1286.23139999, 'remaining_volume': 0, 'executed_volume': 1286.23139999, 'trades_count': 1, 'reserved_fee': 0, 'remaining_fee': 0, 'paid_fee': 532.242553315862, 'locked': 0, 'executed_funds': 1064485.106631724, 'time_in_force': None, 'trade_timestamp': None, 'order_timestamp': 1731242057000, 'timestamp': 1731242057163, 'stream_type': 'REALTIME'}[21:34:17.186]myOrder error:57e2c058-9863-474a-8889-42fcf9b91128, {'type': 'myOrder', 'code': 'KRW-XRP', 'uuid': '57e2c058-9863-474a-8889-42fcf9b91128', 'ask_bid': 'ASK', 'order_type': 'market', 'state': 'trade', 'trade_uuid': 'f20b92b2-e33d-4991-818c-bf07d0347308', 'price': 827.6, 'avg_price': 827.1862, 'volume': 1286.23139999, 'remaining_volume': 0, 'executed_volume': 1286.23139999, 'trades_count': 1, 'reserved_fee': 0, 'remaining_fee': 0, 'paid_fee': 532.242553315862, 'locked': 0, 'executed_funds': 1064485.106631724, 'time_in_force': None, 'trade_timestamp': 1731242057086, 'order_timestamp': 1731242057000, 'timestamp': 1731242057163, 'stream_type': 'REALTIME'}, e:Type(<class 'UnboundLocalError'>), Message(No message)

[21:34:17.222][15][up](ASK) 주문상태:trade, {'type': 'myOrder', 'code': 'KRW-XRP', 'uuid': '4cb7b6fe-5ddd-4ded-9019-cd591ef7d1d0', 'ask_bid': 'ASK', 'order_type': 'market', 'state': 'trade', 'trade_uuid': '937ecc50-b2cd-4976-9db4-d15b66cf5c9d', 'price': 827.6, 'avg_price': 827.12907274, 'volume': 315.0533316, 'remaining_volume': 0, 'executed_volume': 735.34711456, 'trades_count': 2, 'reserved_fee': 0, 'remaining_fee': 0, 'paid_fee': 304.26562131578, 'locked': 0, 'executed_funds': 608531.24263156, 'time_in_force': None, 'trade_timestamp': 1731242057127, 'order_timestamp': 1731242057000, 'timestamp': 1731242057199, 'stream_type': 'REALTIME'}
[21:34:17.223][15]up 77777777777 매도 완료 매수:C0106000000743349348, 매도:(4cb7b6fe-5ddd-4ded-9019-cd591ef7d1d0), {'type': 'myOrder', 'code': 'KRW-XRP', 'uuid': '4cb7b6fe-5ddd-4ded-9019-cd591ef7d1d0', 'ask_bid': 'ASK', 'order_type': 'market', 'state': 'trade', 'trade_uuid': '937ecc50-b2cd-4976-9db4-d15b66cf5c9d', 'price': 827.6, 'avg_price': 827.12907274, 'volume': 315.0533316, 'remaining_volume': 0, 'executed_volume': 735.34711456, 'trades_count': 2, 'reserved_fee': 0, 'remaining_fee': 0, 'paid_fee': 304.26562131578, 'locked': 0, 'executed_funds': 608531.24263156, 'time_in_force': None, 'trade_timestamp': 1731242057127, 'order_timestamp': 1731242057000, 'timestamp': 1731242057199, 'stream_type': 'REALTIME'}
[21:34:17.239][15][up](ASK) 주문상태:done, {'type': 'myOrder', 'code': 'KRW-XRP', 'uuid': '4cb7b6fe-5ddd-4ded-9019-cd591ef7d1d0', 'ask_bid': 'ASK', 'order_type': 'market', 'state': 'done', 'trade_uuid': None, 'price': None, 'avg_price': 827.12907274, 'volume': 735.34711456, 'remaining_volume': 0, 'executed_volume': 735.34711456, 'trades_count': 2, 'reserved_fee': 0, 'remaining_fee': 0, 'paid_fee': 304.26562131578, 'locked': 0, 'executed_funds': 608531.24263156, 'time_in_force': None, 'trade_timestamp': None, 'order_timestamp': 1731242057000, 'timestamp': 1731242057200, 'stream_type': 'REALTIME'}
[21:34:17.241][15][up](ASK) 주문상태:trade, {'type': 'myOrder', 'code': 'KRW-XRP', 'uuid': '4cb7b6fe-5ddd-4ded-9019-cd591ef7d1d0', 'ask_bid': 'ASK', 'order_type': 'market', 'state': 'trade', 'trade_uuid': 'f9d221d9-ece8-4017-9705-6202e24fb4e9', 'price': 827.5, 'avg_price': 827.12907274, 'volume': 420.29378296, 'remaining_volume': 0, 'executed_volume': 735.34711456, 'trades_count': 2, 'reserved_fee': 0, 'remaining_fee': 0, 'paid_fee': 304.26562131578, 'locked': 0, 'executed_funds': 608531.24263156, 'time_in_force': None, 'trade_timestamp': 1731242057127, 'order_timestamp': 1731242057000, 'timestamp': 1731242057200, 'stream_type': 'REALTIME'}
[21:34:17.241][15]up 77777777777 매도 완료 매수:C0106000000743349348, 매도:(4cb7b6fe-5ddd-4ded-9019-cd591ef7d1d0), {'type': 'myOrder', 'code': 'KRW-XRP', 'uuid': '4cb7b6fe-5ddd-4ded-9019-cd591ef7d1d0', 'ask_bid': 'ASK', 'order_type': 'market', 'state': 'trade', 'trade_uuid': 'f9d221d9-ece8-4017-9705-6202e24fb4e9', 'price': 827.5, 'avg_price': 827.12907274, 'volume': 420.29378296, 'remaining_volume': 0, 'executed_volume': 735.34711456, 'trades_count': 2, 'reserved_fee': 0, 'remaining_fee': 0, 'paid_fee': 304.26562131578, 'locked': 0, 'executed_funds': 608531.24263156, 'time_in_force': None, 'trade_timestamp': 1731242057127, 'order_timestamp': 1731242057000, 'timestamp': 1731242057200, 'stream_type': 'REALTIME'}
[21:34:17.433][15]빗썸탈출신청결과(C0106000000743349348) status_code:404 , {'error': {'name': 'order_not_found', 'message': '주문을 찾지 못했습니다.'}}
[21:34:17.439]빗썸 [15][MyApi]쓰레드 종료
[21:34:17.439][15] 666666666666666 [MyApi]stop_threads 종료 C0106000000743349348
[21:35:27.555][18]업빗탈출신청(71c22000-a8a4-426b-94d5-e4c358f341eb) mode:1, 차익 부족-0.3(0.414)
[21:35:27.559][18]업빗1111111111111매수신청 완료(71c22000-a8a4-426b-94d5-e4c358f341eb), mode:1, result:{'uuid': '71c22000-a8a4-426b-94d5-e4c358f341eb', 'side': 'bid', 'ord_type': 'limit', 'price': '828.3', 'state': 'wait', 'market': 'KRW-XRP', 'created_at': '2024-11-10T21:35:27+09:00', 'volume': '3000', 'remaining_volume': '3000', 'reserved_fee': '1242.45', 'remaining_fee': '1242.45', 'paid_fee': '0', 'locked': '2486142.45', 'executed_volume': '0', 'trades_count': 0}
[21:35:27.567][18][up](BID) 주문상태:wait, {'type': 'myOrder', 'code': 'KRW-XRP', 'uuid': '71c22000-a8a4-426b-94d5-e4c358f341eb', 'ask_bid': 'BID', 'order_type': 'limit', 'state': 'wait', 'trade_uuid': None, 'price': 828.3, 'avg_price': 0, 'volume': 3000, 'remaining_volume': 3000, 'executed_volume': 0, 'trades_count': 0, 'reserved_fee': 1242.45, 'remaining_fee': 1242.45, 'paid_fee': 0, 'locked': 2486142.45, 'executed_funds': 0, 'time_in_force': None, 'trade_timestamp': None, 'order_timestamp': 1731242127000, 'timestamp': 1731242127551, 'stream_type': 'REALTIME'}
[21:35:27.569][18]up22222222222222222 매수대기 (71c22000-a8a4-426b-94d5-e4c358f341eb),{'type': 'myOrder', 'code': 'KRW-XRP', 'uuid': '71c22000-a8a4-426b-94d5-e4c358f341eb', 'ask_bid': 'BID', 'order_type': 'limit', 'state': 'wait', 'trade_uuid': None, 'price': 828.3, 'avg_price': 0, 'volume': 3000, 'remaining_volume': 3000, 'executed_volume': 0, 'trades_count': 0, 'reserved_fee': 1242.45, 'remaining_fee': 1242.45, 'paid_fee': 0, 'locked': 2486142.45, 'executed_funds': 0, 'time_in_force': None, 'trade_timestamp': None, 'order_timestamp': 1731242127000, 'timestamp': 1731242127551, 'stream_type': 'REALTIME'}
[21:35:27.789][18]업빗탈출신청결과(71c22000-a8a4-426b-94d5-e4c358f341eb) status_code:200 , {'uuid': '71c22000-a8a4-426b-94d5-e4c358f341eb', 'side': 'bid', 'ord_type': 'limit', 'price': '828.3', 'state': 'wait', 'market': 'KRW-XRP', 'created_at': '2024-11-10T21:35:27+09:00', 'volume': '3000', 'remaining_volume': '3000', 'reserved_fee': '1242.45', 'remaining_fee': '1242.45', 'paid_fee': '0', 'locked': '2486142.45', 'executed_volume': '0', 'trades_count': 0}
[21:35:27.800][18]업빗탈출신청(71c22000-a8a4-426b-94d5-e4c358f341eb) mode:1, 차익 부족-0.3(0.414)
[21:35:27.851][18][up](BID) 주문상태:cancel, {'type': 'myOrder', 'code': 'KRW-XRP', 'uuid': '71c22000-a8a4-426b-94d5-e4c358f341eb', 'ask_bid': 'BID', 'order_type': 'limit', 'state': 'cancel', 'trade_uuid': None, 'price': 828.3, 'avg_price': 0, 'volume': 3000, 'remaining_volume': 3000, 'executed_volume': 0, 'trades_count': 0, 'reserved_fee': 1242.45, 'remaining_fee': 1242.45, 'paid_fee': 0, 'locked': 2486142.45, 'executed_funds': 0, 'time_in_force': None, 'trade_timestamp': None, 'order_timestamp': 1731242127000, 'timestamp': 1731242127841, 'stream_type': 'REALTIME'}
[21:35:27.851][18]up33333333333333333 매수취소(71c22000-a8a4-426b-94d5-e4c358f341eb), {'type': 'myOrder', 'code': 'KRW-XRP', 'uuid': '71c22000-a8a4-426b-94d5-e4c358f341eb', 'ask_bid': 'BID', 'order_type': 'limit', 'state': 'cancel', 'trade_uuid': None, 'price': 828.3, 'avg_price': 0, 'volume': 3000, 'remaining_volume': 3000, 'executed_volume': 0, 'trades_count': 0, 'reserved_fee': 1242.45, 'remaining_fee': 1242.45, 'paid_fee': 0, 'locked': 2486142.45, 'executed_funds': 0, 'time_in_force': None, 'trade_timestamp': None, 'order_timestamp': 1731242127000, 'timestamp': 1731242127841, 'stream_type': 'REALTIME'}
[21:35:27.851][18]up 4444444444444 쓰레드 정리 isclear isClear(71c22000-a8a4-426b-94d5-e4c358f341eb), 남은양:3000.0, {'type': 'myOrder', 'code': 'KRW-XRP', 'uuid': '71c22000-a8a4-426b-94d5-e4c358f341eb', 'ask_bid': 'BID', 'order_type': 'limit', 'state': 'cancel', 'trade_uuid': None, 'price': 828.3, 'avg_price': 0, 'volume': 3000, 'remaining_volume': 3000, 'executed_volume': 0, 'trades_count': 0, 'reserved_fee': 1242.45, 'remaining_fee': 1242.45, 'paid_fee': 0, 'locked': 2486142.45, 'executed_funds': 0, 'time_in_force': None, 'trade_timestamp': None, 'order_timestamp': 1731242127000, 'timestamp': 1731242127841, 'stream_type': 'REALTIME'}
[21:35:27.853][MyApi]stop_threads 시작 71c22000-a8a4-426b-94d5-e4c358f341eb
[21:35:27.905][18]업빗탈출신청결과(71c22000-a8a4-426b-94d5-e4c358f341eb) status_code:400 , {'error': {'message': '이미 취소된 주문입니다.', 'name': 'canceled_order'}}
[21:35:27.909]업빗 [18][MyApi]쓰레드 종료
[21:35:27.910][18] 666666666666666 [MyApi]stop_threads 종료 71c22000-a8a4-426b-94d5-e4c358f341eb
[21:35:40.652][19]업빗1111111111111매수신청 완료(4d7decf5-0867-41e3-afe0-9aae5fd89bf0), mode:1, result:{'uuid': '4d7decf5-0867-41e3-afe0-9aae5fd89bf0', 'side': 'bid', 'ord_type': 'limit', 'price': '828.4', 'state': 'wait', 'market': 'KRW-XRP', 'created_at': '2024-11-10T21:35:40+09:00', 'volume': '3000', 'remaining_volume': '3000', 'reserved_fee': '1242.6', 'remaining_fee': '1242.6', 'paid_fee': '0', 'locked': '2486442.6', 'executed_volume': '0', 'trades_count': 0}
