SELECT * FROM public.member WHERE memid = 1
1
[2024-11-13 08:38:42.859]wsClass,init,EOS,bit
[2024-11-13 08:38:42.860]wsClass,init,EOS,up
[2024-11-13 08:38:42.888]wsClass,connected,EOS,up
[2024-11-13 08:38:42.899]wsPrivateClass,connected,EOS,up
[2024-11-13 08:38:42.917]wsClass,connected,EOS,bit
[2024-11-13 08:38:43.043]wsPrivateClass,connected,EOS,bit
[2024-11-13 08:38:43.054]wsPrivateClass,close,EOS,bitstatus_code:None,msg:None
[2024-11-13 08:38:43.095]wsPrivateClass,connected,EOS,bit
[08:40:06.469]kill로 인한 프로그램 종료 시작 [0/5]
[08:40:06.505]kill로 인한 프로그램 종료 시작 [0/5]
kill에 의한 종료
[2024-11-13 08:40:15.020]wsPrivateClass,close,EOS,upstatus_code:None,msg:None
[2024-11-13 08:40:15.664]wsPrivateClass,close,EOS,bitstatus_code:None,msg:None
[2024-11-13 08:40:16.342]wsClass,close,EOS,bit,status_code:None,msg:None
[2024-11-13 08:40:16.435]wsClass,close,EOS,up,status_code:None,msg:None
SELECT * FROM public.member WHERE memid = 1
1
[2024-11-13 08:40:28.095]wsClass,init,EOS,bit
[2024-11-13 08:40:28.096]wsClass,init,EOS,up
[2024-11-13 08:40:28.121]wsClass,connected,EOS,up
[2024-11-13 08:40:28.278]wsClass,connected,EOS,bit
[2024-11-13 08:40:28.340]wsPrivateClass,connected,EOS,bit
[2024-11-13 08:40:28.345]wsPrivateClass,connected,EOS,up
[08:41:58.067][1]빗썸1111111111111매수신청 완료(C0112000000405940671), mode:1, result:{'uuid': 'C0112000000405940671', 'side': 'bid', 'ord_type': 'limit', 'price': '823', 'state': 'wait', 'market': 'KRW-EOS', 'created_at': '2024-11-13T08:41:58+09:00', 'volume': '2000', 'remaining_volume': '2000', 'reserved_fee': '4115', 'remaining_fee': '4115', 'paid_fee': '0', 'locked': '1650116', 'executed_volume': '0', 'trades_count': 0}
[08:41:58.131][1][bit](BID) 주문상태:wait, {'type': 'myOrder', 'code': 'KRW-EOS', 'uuid': 'C0112000000405940671', 'ask_bid': 'BID', 'order_type': 'limit', 'state': 'wait', 'trade_uuid': None, 'price': 823, 'volume': 2000, 'remaining_volume': 2000, 'executed_volume': 0, 'trades_count': 0, 'reserved_fee': 4115, 'remaining_fee': 4115, 'paid_fee': 0, 'executed_funds': 0, 'trade_timestamp': None, 'order_timestamp': 1731454918002, 'timestamp': 1731454918101, 'stream_type': 'REALTIME'}
[08:41:58.132][1]bit22222222222222222 매수대기 (C0112000000405940671),{'type': 'myOrder', 'code': 'KRW-EOS', 'uuid': 'C0112000000405940671', 'ask_bid': 'BID', 'order_type': 'limit', 'state': 'wait', 'trade_uuid': None, 'price': 823, 'volume': 2000, 'remaining_volume': 2000, 'executed_volume': 0, 'trades_count': 0, 'reserved_fee': 4115, 'remaining_fee': 4115, 'paid_fee': 0, 'executed_funds': 0, 'trade_timestamp': None, 'order_timestamp': 1731454918002, 'timestamp': 1731454918101, 'stream_type': 'REALTIME'}
[08:41:58.324][1]빗썸탈출신청(C0112000000405940671) mode:1, 차익 부족0.0(0.493)
[08:41:58.540][1]빗썸탈출신청결과(C0112000000405940671) status_code:200 , {'uuid': 'C0112000000405940671', 'side': 'bid', 'ord_type': 'limit', 'price': '823', 'state': 'wait', 'market': 'KRW-EOS', 'created_at': '2024-11-13T08:41:58+09:00', 'volume': '2000', 'remaining_volume': '2000', 'reserved_fee': '4115', 'remaining_fee': '4115', 'paid_fee': '0', 'locked': '1650116', 'executed_volume': '0', 'trades_count': 0}
[08:41:58.584][1][bit](BID) 주문상태:cancel, {'type': 'myOrder', 'code': 'KRW-EOS', 'uuid': 'C0112000000405940671', 'ask_bid': 'BID', 'order_type': 'limit', 'state': 'cancel', 'trade_uuid': None, 'price': 823, 'volume': 2000, 'remaining_volume': 2000, 'executed_volume': 0, 'trades_count': 0, 'reserved_fee': 4115, 'remaining_fee': 4115, 'paid_fee': 0, 'executed_funds': 0, 'trade_timestamp': None, 'order_timestamp': 1731454918002, 'timestamp': 1731454918555, 'stream_type': 'REALTIME'}
[08:41:58.584][1]bit33333333333333333 매수취소(C0112000000405940671), {'type': 'myOrder', 'code': 'KRW-EOS', 'uuid': 'C0112000000405940671', 'ask_bid': 'BID', 'order_type': 'limit', 'state': 'cancel', 'trade_uuid': None, 'price': 823, 'volume': 2000, 'remaining_volume': 2000, 'executed_volume': 0, 'trades_count': 0, 'reserved_fee': 4115, 'remaining_fee': 4115, 'paid_fee': 0, 'executed_funds': 0, 'trade_timestamp': None, 'order_timestamp': 1731454918002, 'timestamp': 1731454918555, 'stream_type': 'REALTIME'}
[08:41:58.584][1]bit 4444444444444 쓰레드 정리 isclear isClear(C0112000000405940671), 남은양:2000.0, {'type': 'myOrder', 'code': 'KRW-EOS', 'uuid': 'C0112000000405940671', 'ask_bid': 'BID', 'order_type': 'limit', 'state': 'cancel', 'trade_uuid': None, 'price': 823, 'volume': 2000, 'remaining_volume': 2000, 'executed_volume': 0, 'trades_count': 0, 'reserved_fee': 4115, 'remaining_fee': 4115, 'paid_fee': 0, 'executed_funds': 0, 'trade_timestamp': None, 'order_timestamp': 1731454918002, 'timestamp': 1731454918555, 'stream_type': 'REALTIME'}
[08:41:58.585][MyApi]stop_threads 시작 C0112000000405940671
[08:41:58.588]빗썸 [1][MyApi]쓰레드 종료
[08:41:58.588][1] 666666666666666 [MyApi]stop_threads 종료 C0112000000405940671
[08:42:47.443][2]빗썸1111111111111매수신청 완료(C0112000000405940729), mode:1, result:{'uuid': 'C0112000000405940729', 'side': 'bid', 'ord_type': 'limit', 'price': '821', 'state': 'wait', 'market': 'KRW-EOS', 'created_at': '2024-11-13T08:42:47+09:00', 'volume': '691.7424', 'remaining_volume': '691.7424', 'reserved_fee': '1419.801276', 'remaining_fee': '1419.801276', 'paid_fee': '0', 'locked': '569341.311676', 'executed_volume': '0', 'trades_count': 0}
[08:42:47.501][2][bit](BID) 주문상태:wait, {'type': 'myOrder', 'code': 'KRW-EOS', 'uuid': 'C0112000000405940729', 'ask_bid': 'BID', 'order_type': 'limit', 'state': 'wait', 'trade_uuid': None, 'price': 821, 'volume': 691.7424, 'remaining_volume': 691.7424, 'executed_volume': 0, 'trades_count': 0, 'reserved_fee': 1419.801276, 'remaining_fee': 1419.801276, 'paid_fee': 0, 'executed_funds': 0, 'trade_timestamp': None, 'order_timestamp': 1731454967371, 'timestamp': 1731454967470, 'stream_type': 'REALTIME'}
[08:42:47.502][2]bit22222222222222222 매수대기 (C0112000000405940729),{'type': 'myOrder', 'code': 'KRW-EOS', 'uuid': 'C0112000000405940729', 'ask_bid': 'BID', 'order_type': 'limit', 'state': 'wait', 'trade_uuid': None, 'price': 821, 'volume': 691.7424, 'remaining_volume': 691.7424, 'executed_volume': 0, 'trades_count': 0, 'reserved_fee': 1419.801276, 'remaining_fee': 1419.801276, 'paid_fee': 0, 'executed_funds': 0, 'trade_timestamp': None, 'order_timestamp': 1731454967371, 'timestamp': 1731454967470, 'stream_type': 'REALTIME'}
[08:42:49.524][2]빗썸탈출신청(C0112000000405940729) mode:1, 최종적으로 수량 부족으로 탈출. 업빗매수2차익:0.0, BitToUp:0.492, UpToBit:0.739, 남은매수/신청매수:691.7424/691.7424, buy_amount:12.5424052, get_total_units:0, up_buy1_amount:12.5424052, up_buy2_amount:6870.47558119
[08:42:49.767][2]빗썸탈출신청결과(C0112000000405940729) status_code:200 , {'uuid': 'C0112000000405940729', 'side': 'bid', 'ord_type': 'limit', 'price': '821', 'state': 'wait', 'market': 'KRW-EOS', 'created_at': '2024-11-13T08:42:47+09:00', 'volume': '691.7424', 'remaining_volume': '691.7424', 'reserved_fee': '1419.801276', 'remaining_fee': '1419.801276', 'paid_fee': '0', 'locked': '569341.311676', 'executed_volume': '0', 'trades_count': 0}
[08:42:49.836][2][bit](BID) 주문상태:cancel, {'type': 'myOrder', 'code': 'KRW-EOS', 'uuid': 'C0112000000405940729', 'ask_bid': 'BID', 'order_type': 'limit', 'state': 'cancel', 'trade_uuid': None, 'price': 821, 'volume': 691.7424, 'remaining_volume': 691.7424, 'executed_volume': 0, 'trades_count': 0, 'reserved_fee': 1419.801276, 'remaining_fee': 1419.801276, 'paid_fee': 0, 'executed_funds': 0, 'trade_timestamp': None, 'order_timestamp': 1731454967371, 'timestamp': 1731454969804, 'stream_type': 'REALTIME'}
[08:42:49.836][2]bit33333333333333333 매수취소(C0112000000405940729), {'type': 'myOrder', 'code': 'KRW-EOS', 'uuid': 'C0112000000405940729', 'ask_bid': 'BID', 'order_type': 'limit', 'state': 'cancel', 'trade_uuid': None, 'price': 821, 'volume': 691.7424, 'remaining_volume': 691.7424, 'executed_volume': 0, 'trades_count': 0, 'reserved_fee': 1419.801276, 'remaining_fee': 1419.801276, 'paid_fee': 0, 'executed_funds': 0, 'trade_timestamp': None, 'order_timestamp': 1731454967371, 'timestamp': 1731454969804, 'stream_type': 'REALTIME'}
[08:42:49.836][2]bit 4444444444444 쓰레드 정리 isclear isClear(C0112000000405940729), 남은양:691.7424, {'type': 'myOrder', 'code': 'KRW-EOS', 'uuid': 'C0112000000405940729', 'ask_bid': 'BID', 'order_type': 'limit', 'state': 'cancel', 'trade_uuid': None, 'price': 821, 'volume': 691.7424, 'remaining_volume': 691.7424, 'executed_volume': 0, 'trades_count': 0, 'reserved_fee': 1419.801276, 'remaining_fee': 1419.801276, 'paid_fee': 0, 'executed_funds': 0, 'trade_timestamp': None, 'order_timestamp': 1731454967371, 'timestamp': 1731454969804, 'stream_type': 'REALTIME'}
[08:42:49.837][MyApi]stop_threads 시작 C0112000000405940729
[08:42:49.838]빗썸 [2][MyApi]쓰레드 종료
[08:42:49.839][2] 666666666666666 [MyApi]stop_threads 종료 C0112000000405940729
[08:43:19.858][3]빗썸1111111111111매수신청 완료(C0112000000405940766), mode:1, result:{'uuid': 'C0112000000405940766', 'side': 'bid', 'ord_type': 'limit', 'price': '821', 'state': 'wait', 'market': 'KRW-EOS', 'created_at': '2024-11-13T08:43:19+09:00', 'volume': '121.6545', 'remaining_volume': '121.6545', 'reserved_fee': '249.69586125', 'remaining_fee': '249.69586125', 'paid_fee': '0', 'locked': '100129.04036125', 'executed_volume': '0', 'trades_count': 0}
[08:43:19.885][3][bit](BID) 주문상태:wait, {'type': 'myOrder', 'code': 'KRW-EOS', 'uuid': 'C0112000000405940766', 'ask_bid': 'BID', 'order_type': 'limit', 'state': 'wait', 'trade_uuid': None, 'price': 821, 'volume': 121.6545, 'remaining_volume': 121.6545, 'executed_volume': 0, 'trades_count': 0, 'reserved_fee': 249.69586125, 'remaining_fee': 249.69586125, 'paid_fee': 0, 'executed_funds': 0, 'trade_timestamp': None, 'order_timestamp': 1731454999767, 'timestamp': 1731454999852, 'stream_type': 'REALTIME'}
[08:43:19.886][3]bit22222222222222222 매수대기 (C0112000000405940766),{'type': 'myOrder', 'code': 'KRW-EOS', 'uuid': 'C0112000000405940766', 'ask_bid': 'BID', 'order_type': 'limit', 'state': 'wait', 'trade_uuid': None, 'price': 821, 'volume': 121.6545, 'remaining_volume': 121.6545, 'executed_volume': 0, 'trades_count': 0, 'reserved_fee': 249.69586125, 'remaining_fee': 249.69586125, 'paid_fee': 0, 'executed_funds': 0, 'trade_timestamp': None, 'order_timestamp': 1731454999767, 'timestamp': 1731454999852, 'stream_type': 'REALTIME'}
[08:43:20.524][3]빗썸탈출신청(C0112000000405940766) mode:1, 차익 부족0.0(0.493)
[08:43:20.775][3]빗썸탈출신청결과(C0112000000405940766) status_code:200 , {'uuid': 'C0112000000405940766', 'side': 'bid', 'ord_type': 'limit', 'price': '821', 'state': 'wait', 'market': 'KRW-EOS', 'created_at': '2024-11-13T08:43:19+09:00', 'volume': '121.6545', 'remaining_volume': '121.6545', 'reserved_fee': '249.69586125', 'remaining_fee': '249.69586125', 'paid_fee': '0', 'locked': '100129.04036125', 'executed_volume': '0', 'trades_count': 0}
[08:43:20.909][3][bit](BID) 주문상태:cancel, {'type': 'myOrder', 'code': 'KRW-EOS', 'uuid': 'C0112000000405940766', 'ask_bid': 'BID', 'order_type': 'limit', 'state': 'cancel', 'trade_uuid': None, 'price': 821, 'volume': 121.6545, 'remaining_volume': 121.6545, 'executed_volume': 0, 'trades_count': 0, 'reserved_fee': 249.69586125, 'remaining_fee': 249.69586125, 'paid_fee': 0, 'executed_funds': 0, 'trade_timestamp': None, 'order_timestamp': 1731454999767, 'timestamp': 1731455000875, 'stream_type': 'REALTIME'}
[08:43:20.909][3]bit33333333333333333 매수취소(C0112000000405940766), {'type': 'myOrder', 'code': 'KRW-EOS', 'uuid': 'C0112000000405940766', 'ask_bid': 'BID', 'order_type': 'limit', 'state': 'cancel', 'trade_uuid': None, 'price': 821, 'volume': 121.6545, 'remaining_volume': 121.6545, 'executed_volume': 0, 'trades_count': 0, 'reserved_fee': 249.69586125, 'remaining_fee': 249.69586125, 'paid_fee': 0, 'executed_funds': 0, 'trade_timestamp': None, 'order_timestamp': 1731454999767, 'timestamp': 1731455000875, 'stream_type': 'REALTIME'}
[08:43:20.909][3]bit 4444444444444 쓰레드 정리 isclear isClear(C0112000000405940766), 남은양:121.6545, {'type': 'myOrder', 'code': 'KRW-EOS', 'uuid': 'C0112000000405940766', 'ask_bid': 'BID', 'order_type': 'limit', 'state': 'cancel', 'trade_uuid': None, 'price': 821, 'volume': 121.6545, 'remaining_volume': 121.6545, 'executed_volume': 0, 'trades_count': 0, 'reserved_fee': 249.69586125, 'remaining_fee': 249.69586125, 'paid_fee': 0, 'executed_funds': 0, 'trade_timestamp': None, 'order_timestamp': 1731454999767, 'timestamp': 1731455000875, 'stream_type': 'REALTIME'}
[08:43:20.910][MyApi]stop_threads 시작 C0112000000405940766
[08:43:20.912]빗썸 [3][MyApi]쓰레드 종료
[08:43:20.913][3] 666666666666666 [MyApi]stop_threads 종료 C0112000000405940766
[08:44:18.585][4]빗썸1111111111111매수신청 완료(C0112000000405940827), mode:1, result:{'uuid': 'C0112000000405940827', 'side': 'bid', 'ord_type': 'limit', 'price': '821', 'state': 'wait', 'market': 'KRW-EOS', 'created_at': '2024-11-13T08:44:18+09:00', 'volume': '874.75824', 'remaining_volume': '874.75824', 'reserved_fee': '1795.4412876', 'remaining_fee': '1795.4412876', 'paid_fee': '0', 'locked': '719972.9563276', 'executed_volume': '0', 'trades_count': 0}
[08:44:18.646][4][bit](BID) 주문상태:wait, {'type': 'myOrder', 'code': 'KRW-EOS', 'uuid': 'C0112000000405940827', 'ask_bid': 'BID', 'order_type': 'limit', 'state': 'wait', 'trade_uuid': None, 'price': 821, 'volume': 874.75824, 'remaining_volume': 874.75824, 'executed_volume': 0, 'trades_count': 0, 'reserved_fee': 1795.4412876, 'remaining_fee': 1795.4412876, 'paid_fee': 0, 'executed_funds': 0, 'trade_timestamp': None, 'order_timestamp': 1731455058519, 'timestamp': 1731455058617, 'stream_type': 'REALTIME'}
[08:44:18.647][4]bit22222222222222222 매수대기 (C0112000000405940827),{'type': 'myOrder', 'code': 'KRW-EOS', 'uuid': 'C0112000000405940827', 'ask_bid': 'BID', 'order_type': 'limit', 'state': 'wait', 'trade_uuid': None, 'price': 821, 'volume': 874.75824, 'remaining_volume': 874.75824, 'executed_volume': 0, 'trades_count': 0, 'reserved_fee': 1795.4412876, 'remaining_fee': 1795.4412876, 'paid_fee': 0, 'executed_funds': 0, 'trade_timestamp': None, 'order_timestamp': 1731455058519, 'timestamp': 1731455058617, 'stream_type': 'REALTIME'}
[08:44:58.434][4]빗썸탈출신청(C0112000000405940827) mode:1, 빗썸매수3까지 내려옴. 매수금액(821.0), 매수2(822.0)
[08:44:58.693][4]빗썸탈출신청결과(C0112000000405940827) status_code:200 , {'uuid': 'C0112000000405940827', 'side': 'bid', 'ord_type': 'limit', 'price': '821', 'state': 'wait', 'market': 'KRW-EOS', 'created_at': '2024-11-13T08:44:18+09:00', 'volume': '874.75824', 'remaining_volume': '874.75824', 'reserved_fee': '1795.4412876', 'remaining_fee': '1795.4412876', 'paid_fee': '0', 'locked': '719972.9563276', 'executed_volume': '0', 'trades_count': 0}
[08:44:58.785][4][bit](BID) 주문상태:cancel, {'type': 'myOrder', 'code': 'KRW-EOS', 'uuid': 'C0112000000405940827', 'ask_bid': 'BID', 'order_type': 'limit', 'state': 'cancel', 'trade_uuid': None, 'price': 821, 'volume': 874.75824, 'remaining_volume': 874.75824, 'executed_volume': 0, 'trades_count': 0, 'reserved_fee': 1795.4412876, 'remaining_fee': 1795.4412876, 'paid_fee': 0, 'executed_funds': 0, 'trade_timestamp': None, 'order_timestamp': 1731455058519, 'timestamp': 1731455098756, 'stream_type': 'REALTIME'}
[08:44:58.785][4]bit33333333333333333 매수취소(C0112000000405940827), {'type': 'myOrder', 'code': 'KRW-EOS', 'uuid': 'C0112000000405940827', 'ask_bid': 'BID', 'order_type': 'limit', 'state': 'cancel', 'trade_uuid': None, 'price': 821, 'volume': 874.75824, 'remaining_volume': 874.75824, 'executed_volume': 0, 'trades_count': 0, 'reserved_fee': 1795.4412876, 'remaining_fee': 1795.4412876, 'paid_fee': 0, 'executed_funds': 0, 'trade_timestamp': None, 'order_timestamp': 1731455058519, 'timestamp': 1731455098756, 'stream_type': 'REALTIME'}
[08:44:58.785][4]bit 4444444444444 쓰레드 정리 isclear isClear(C0112000000405940827), 남은양:874.75824, {'type': 'myOrder', 'code': 'KRW-EOS', 'uuid': 'C0112000000405940827', 'ask_bid': 'BID', 'order_type': 'limit', 'state': 'cancel', 'trade_uuid': None, 'price': 821, 'volume': 874.75824, 'remaining_volume': 874.75824, 'executed_volume': 0, 'trades_count': 0, 'reserved_fee': 1795.4412876, 'remaining_fee': 1795.4412876, 'paid_fee': 0, 'executed_funds': 0, 'trade_timestamp': None, 'order_timestamp': 1731455058519, 'timestamp': 1731455098756, 'stream_type': 'REALTIME'}
[08:44:58.786][MyApi]stop_threads 시작 C0112000000405940827
[08:44:58.788]빗썸 [4][MyApi]쓰레드 종료
[08:44:58.789][4] 666666666666666 [MyApi]stop_threads 종료 C0112000000405940827
[08:45:07.928][5]빗썸1111111111111매수신청 완료(C0112000000405940845), mode:1, result:{'uuid': 'C0112000000405940845', 'side': 'bid', 'ord_type': 'limit', 'price': '821', 'state': 'wait', 'market': 'KRW-EOS', 'created_at': '2024-11-13T08:45:07+09:00', 'volume': '874.75824', 'remaining_volume': '874.75824', 'reserved_fee': '1795.4412876', 'remaining_fee': '1795.4412876', 'paid_fee': '0', 'locked': '719972.9563276', 'executed_volume': '0', 'trades_count': 0}
[08:45:07.983][5][bit](BID) 주문상태:wait, {'type': 'myOrder', 'code': 'KRW-EOS', 'uuid': 'C0112000000405940845', 'ask_bid': 'BID', 'order_type': 'limit', 'state': 'wait', 'trade_uuid': None, 'price': 821, 'volume': 874.75824, 'remaining_volume': 874.75824, 'executed_volume': 0, 'trades_count': 0, 'reserved_fee': 1795.4412876, 'remaining_fee': 1795.4412876, 'paid_fee': 0, 'executed_funds': 0, 'trade_timestamp': None, 'order_timestamp': 1731455107855, 'timestamp': 1731455107954, 'stream_type': 'REALTIME'}
[08:45:07.984][5]bit22222222222222222 매수대기 (C0112000000405940845),{'type': 'myOrder', 'code': 'KRW-EOS', 'uuid': 'C0112000000405940845', 'ask_bid': 'BID', 'order_type': 'limit', 'state': 'wait', 'trade_uuid': None, 'price': 821, 'volume': 874.75824, 'remaining_volume': 874.75824, 'executed_volume': 0, 'trades_count': 0, 'reserved_fee': 1795.4412876, 'remaining_fee': 1795.4412876, 'paid_fee': 0, 'executed_funds': 0, 'trade_timestamp': None, 'order_timestamp': 1731455107855, 'timestamp': 1731455107954, 'stream_type': 'REALTIME'}
[08:45:17.924][5]빗썸탈출신청(C0112000000405940845) mode:1, 최종적으로 수량 부족으로 탈출. 업빗매수2차익:0.0, BitToUp:0.492, UpToBit:0.739, 남은매수/신청매수:874.75824/874.75824, buy_amount:4.131e-05, get_total_units:0, up_buy1_amount:4.131e-05, up_buy2_amount:3894.58766116
[08:45:18.172][5]빗썸탈출신청결과(C0112000000405940845) status_code:200 , {'uuid': 'C0112000000405940845', 'side': 'bid', 'ord_type': 'limit', 'price': '821', 'state': 'wait', 'market': 'KRW-EOS', 'created_at': '2024-11-13T08:45:07+09:00', 'volume': '874.75824', 'remaining_volume': '874.75824', 'reserved_fee': '1795.4412876', 'remaining_fee': '1795.4412876', 'paid_fee': '0', 'locked': '719972.9563276', 'executed_volume': '0', 'trades_count': 0}
[08:45:18.186][5][bit](BID) 주문상태:cancel, {'type': 'myOrder', 'code': 'KRW-EOS', 'uuid': 'C0112000000405940845', 'ask_bid': 'BID', 'order_type': 'limit', 'state': 'cancel', 'trade_uuid': None, 'price': 821, 'volume': 874.75824, 'remaining_volume': 874.75824, 'executed_volume': 0, 'trades_count': 0, 'reserved_fee': 1795.4412876, 'remaining_fee': 1795.4412876, 'paid_fee': 0, 'executed_funds': 0, 'trade_timestamp': None, 'order_timestamp': 1731455107855, 'timestamp': 1731455118158, 'stream_type': 'REALTIME'}
[08:45:18.186][5]bit33333333333333333 매수취소(C0112000000405940845), {'type': 'myOrder', 'code': 'KRW-EOS', 'uuid': 'C0112000000405940845', 'ask_bid': 'BID', 'order_type': 'limit', 'state': 'cancel', 'trade_uuid': None, 'price': 821, 'volume': 874.75824, 'remaining_volume': 874.75824, 'executed_volume': 0, 'trades_count': 0, 'reserved_fee': 1795.4412876, 'remaining_fee': 1795.4412876, 'paid_fee': 0, 'executed_funds': 0, 'trade_timestamp': None, 'order_timestamp': 1731455107855, 'timestamp': 1731455118158, 'stream_type': 'REALTIME'}
[08:45:18.186][5]bit 4444444444444 쓰레드 정리 isclear isClear(C0112000000405940845), 남은양:874.75824, {'type': 'myOrder', 'code': 'KRW-EOS', 'uuid': 'C0112000000405940845', 'ask_bid': 'BID', 'order_type': 'limit', 'state': 'cancel', 'trade_uuid': None, 'price': 821, 'volume': 874.75824, 'remaining_volume': 874.75824, 'executed_volume': 0, 'trades_count': 0, 'reserved_fee': 1795.4412876, 'remaining_fee': 1795.4412876, 'paid_fee': 0, 'executed_funds': 0, 'trade_timestamp': None, 'order_timestamp': 1731455107855, 'timestamp': 1731455118158, 'stream_type': 'REALTIME'}
[08:45:18.188][MyApi]stop_threads 시작 C0112000000405940845
[08:45:18.189]빗썸 [5][MyApi]쓰레드 종료
[08:45:18.189][5] 666666666666666 [MyApi]stop_threads 종료 C0112000000405940845
[08:46:07.979][6]빗썸1111111111111매수신청 완료(C0112000000405940871), mode:1, result:{'uuid': 'C0112000000405940871', 'side': 'bid', 'ord_type': 'limit', 'price': '821', 'state': 'wait', 'market': 'KRW-EOS', 'created_at': '2024-11-13T08:46:07+09:00', 'volume': '2000', 'remaining_volume': '2000', 'reserved_fee': '4105', 'remaining_fee': '4105', 'paid_fee': '0', 'locked': '1646106', 'executed_volume': '0', 'trades_count': 0}
[08:46:08.037][6][bit](BID) 주문상태:wait, {'type': 'myOrder', 'code': 'KRW-EOS', 'uuid': 'C0112000000405940871', 'ask_bid': 'BID', 'order_type': 'limit', 'state': 'wait', 'trade_uuid': None, 'price': 821, 'volume': 2000, 'remaining_volume': 2000, 'executed_volume': 0, 'trades_count': 0, 'reserved_fee': 4105, 'remaining_fee': 4105, 'paid_fee': 0, 'executed_funds': 0, 'trade_timestamp': None, 'order_timestamp': 1731455167898, 'timestamp': 1731455168007, 'stream_type': 'REALTIME'}
[08:46:08.039][6]bit22222222222222222 매수대기 (C0112000000405940871),{'type': 'myOrder', 'code': 'KRW-EOS', 'uuid': 'C0112000000405940871', 'ask_bid': 'BID', 'order_type': 'limit', 'state': 'wait', 'trade_uuid': None, 'price': 821, 'volume': 2000, 'remaining_volume': 2000, 'executed_volume': 0, 'trades_count': 0, 'reserved_fee': 4105, 'remaining_fee': 4105, 'paid_fee': 0, 'executed_funds': 0, 'trade_timestamp': None, 'order_timestamp': 1731455167898, 'timestamp': 1731455168007, 'stream_type': 'REALTIME'}
[08:46:08.524][6]빗썸탈출신청(C0112000000405940871) mode:1, 최종적으로 수량 부족으로 탈출. 업빗매수2차익:0.0, BitToUp:0.492, UpToBit:0.739, 남은매수/신청매수:2000.0/2000.0, buy_amount:1e-08, get_total_units:0, up_buy1_amount:1e-08, up_buy2_amount:3894.58766116
[08:46:08.759][6]빗썸탈출신청결과(C0112000000405940871) status_code:200 , {'uuid': 'C0112000000405940871', 'side': 'bid', 'ord_type': 'limit', 'price': '821', 'state': 'wait', 'market': 'KRW-EOS', 'created_at': '2024-11-13T08:46:07+09:00', 'volume': '2000', 'remaining_volume': '2000', 'reserved_fee': '4105', 'remaining_fee': '4105', 'paid_fee': '0', 'locked': '1646106', 'executed_volume': '0', 'trades_count': 0}
[08:46:08.840][6][bit](BID) 주문상태:cancel, {'type': 'myOrder', 'code': 'KRW-EOS', 'uuid': 'C0112000000405940871', 'ask_bid': 'BID', 'order_type': 'limit', 'state': 'cancel', 'trade_uuid': None, 'price': 821, 'volume': 2000, 'remaining_volume': 2000, 'executed_volume': 0, 'trades_count': 0, 'reserved_fee': 4105, 'remaining_fee': 4105, 'paid_fee': 0, 'executed_funds': 0, 'trade_timestamp': None, 'order_timestamp': 1731455167898, 'timestamp': 1731455168811, 'stream_type': 'REALTIME'}
[08:46:08.840][6]bit33333333333333333 매수취소(C0112000000405940871), {'type': 'myOrder', 'code': 'KRW-EOS', 'uuid': 'C0112000000405940871', 'ask_bid': 'BID', 'order_type': 'limit', 'state': 'cancel', 'trade_uuid': None, 'price': 821, 'volume': 2000, 'remaining_volume': 2000, 'executed_volume': 0, 'trades_count': 0, 'reserved_fee': 4105, 'remaining_fee': 4105, 'paid_fee': 0, 'executed_funds': 0, 'trade_timestamp': None, 'order_timestamp': 1731455167898, 'timestamp': 1731455168811, 'stream_type': 'REALTIME'}
[08:46:08.840][6]bit 4444444444444 쓰레드 정리 isclear isClear(C0112000000405940871), 남은양:2000.0, {'type': 'myOrder', 'code': 'KRW-EOS', 'uuid': 'C0112000000405940871', 'ask_bid': 'BID', 'order_type': 'limit', 'state': 'cancel', 'trade_uuid': None, 'price': 821, 'volume': 2000, 'remaining_volume': 2000, 'executed_volume': 0, 'trades_count': 0, 'reserved_fee': 4105, 'remaining_fee': 4105, 'paid_fee': 0, 'executed_funds': 0, 'trade_timestamp': None, 'order_timestamp': 1731455167898, 'timestamp': 1731455168811, 'stream_type': 'REALTIME'}
[08:46:08.841][MyApi]stop_threads 시작 C0112000000405940871
[08:46:08.842]빗썸 [6][MyApi]쓰레드 종료
[08:46:08.842][6] 666666666666666 [MyApi]stop_threads 종료 C0112000000405940871
[08:46:28.961][7]빗썸1111111111111매수신청 완료(C0112000000405940896), mode:1, result:{'uuid': 'C0112000000405940896', 'side': 'bid', 'ord_type': 'limit', 'price': '820', 'state': 'wait', 'market': 'KRW-EOS', 'created_at': '2024-11-13T08:46:28+09:00', 'volume': '1745.19679', 'remaining_volume': '1745.19679', 'reserved_fee': '3577.6534195', 'remaining_fee': '3577.6534195', 'paid_fee': '0', 'locked': '1434640.0212195', 'executed_volume': '0', 'trades_count': 0}
[08:46:29.033][7][bit](BID) 주문상태:wait, {'type': 'myOrder', 'code': 'KRW-EOS', 'uuid': 'C0112000000405940896', 'ask_bid': 'BID', 'order_type': 'limit', 'state': 'wait', 'trade_uuid': None, 'price': 820, 'volume': 1745.19679, 'remaining_volume': 1745.19679, 'executed_volume': 0, 'trades_count': 0, 'reserved_fee': 3577.6534195, 'remaining_fee': 3577.6534195, 'paid_fee': 0, 'executed_funds': 0, 'trade_timestamp': None, 'order_timestamp': 1731455188883, 'timestamp': 1731455189004, 'stream_type': 'REALTIME'}
[08:46:29.034][7]bit22222222222222222 매수대기 (C0112000000405940896),{'type': 'myOrder', 'code': 'KRW-EOS', 'uuid': 'C0112000000405940896', 'ask_bid': 'BID', 'order_type': 'limit', 'state': 'wait', 'trade_uuid': None, 'price': 820, 'volume': 1745.19679, 'remaining_volume': 1745.19679, 'executed_volume': 0, 'trades_count': 0, 'reserved_fee': 3577.6534195, 'remaining_fee': 3577.6534195, 'paid_fee': 0, 'executed_funds': 0, 'trade_timestamp': None, 'order_timestamp': 1731455188883, 'timestamp': 1731455189004, 'stream_type': 'REALTIME'}
[08:46:31.624][7]빗썸탈출신청(C0112000000405940896) mode:1, 최종적으로 수량 부족으로 탈출. 업빗매수2차익:0.0, BitToUp:0.492, UpToBit:0.738, 남은매수/신청매수:1745.19679/1745.19679, buy_amount:163.61220015, get_total_units:0, up_buy1_amount:163.61220015, up_buy2_amount:11830.13350741
[08:46:31.833][7]빗썸탈출신청결과(C0112000000405940896) status_code:200 , {'uuid': 'C0112000000405940896', 'side': 'bid', 'ord_type': 'limit', 'price': '820', 'state': 'wait', 'market': 'KRW-EOS', 'created_at': '2024-11-13T08:46:28+09:00', 'volume': '1745.19679', 'remaining_volume': '1745.19679', 'reserved_fee': '3577.6534195', 'remaining_fee': '3577.6534195', 'paid_fee': '0', 'locked': '1434640.0212195', 'executed_volume': '0', 'trades_count': 0}
[08:46:31.881][7][bit](BID) 주문상태:cancel, {'type': 'myOrder', 'code': 'KRW-EOS', 'uuid': 'C0112000000405940896', 'ask_bid': 'BID', 'order_type': 'limit', 'state': 'cancel', 'trade_uuid': None, 'price': 820, 'volume': 1745.19679, 'remaining_volume': 1745.19679, 'executed_volume': 0, 'trades_count': 0, 'reserved_fee': 3577.6534195, 'remaining_fee': 3577.6534195, 'paid_fee': 0, 'executed_funds': 0, 'trade_timestamp': None, 'order_timestamp': 1731455188883, 'timestamp': 1731455191849, 'stream_type': 'REALTIME'}
[08:46:31.881][7]bit33333333333333333 매수취소(C0112000000405940896), {'type': 'myOrder', 'code': 'KRW-EOS', 'uuid': 'C0112000000405940896', 'ask_bid': 'BID', 'order_type': 'limit', 'state': 'cancel', 'trade_uuid': None, 'price': 820, 'volume': 1745.19679, 'remaining_volume': 1745.19679, 'executed_volume': 0, 'trades_count': 0, 'reserved_fee': 3577.6534195, 'remaining_fee': 3577.6534195, 'paid_fee': 0, 'executed_funds': 0, 'trade_timestamp': None, 'order_timestamp': 1731455188883, 'timestamp': 1731455191849, 'stream_type': 'REALTIME'}
[08:46:31.881][7]bit 4444444444444 쓰레드 정리 isclear isClear(C0112000000405940896), 남은양:1745.19679, {'type': 'myOrder', 'code': 'KRW-EOS', 'uuid': 'C0112000000405940896', 'ask_bid': 'BID', 'order_type': 'limit', 'state': 'cancel', 'trade_uuid': None, 'price': 820, 'volume': 1745.19679, 'remaining_volume': 1745.19679, 'executed_volume': 0, 'trades_count': 0, 'reserved_fee': 3577.6534195, 'remaining_fee': 3577.6534195, 'paid_fee': 0, 'executed_funds': 0, 'trade_timestamp': None, 'order_timestamp': 1731455188883, 'timestamp': 1731455191849, 'stream_type': 'REALTIME'}
[08:46:31.882][MyApi]stop_threads 시작 C0112000000405940896
[08:46:31.884]빗썸 [7][MyApi]쓰레드 종료
[08:46:31.885][7] 666666666666666 [MyApi]stop_threads 종료 C0112000000405940896
[08:46:53.824][8]빗썸1111111111111매수신청 완료(C0112000000405940967), mode:1, result:{'uuid': 'C0112000000405940967', 'side': 'bid', 'ord_type': 'limit', 'price': '821', 'state': 'wait', 'market': 'KRW-EOS', 'created_at': '2024-11-13T08:46:53+09:00', 'volume': '2000', 'remaining_volume': '2000', 'reserved_fee': '4105', 'remaining_fee': '4105', 'paid_fee': '0', 'locked': '1646106', 'executed_volume': '0', 'trades_count': 0}
[08:46:53.879][8][bit](BID) 주문상태:wait, {'type': 'myOrder', 'code': 'KRW-EOS', 'uuid': 'C0112000000405940967', 'ask_bid': 'BID', 'order_type': 'limit', 'state': 'wait', 'trade_uuid': None, 'price': 821, 'volume': 2000, 'remaining_volume': 2000, 'executed_volume': 0, 'trades_count': 0, 'reserved_fee': 4105, 'remaining_fee': 4105, 'paid_fee': 0, 'executed_funds': 0, 'trade_timestamp': None, 'order_timestamp': 1731455213749, 'timestamp': 1731455213850, 'stream_type': 'REALTIME'}
[08:46:53.881][8]bit22222222222222222 매수대기 (C0112000000405940967),{'type': 'myOrder', 'code': 'KRW-EOS', 'uuid': 'C0112000000405940967', 'ask_bid': 'BID', 'order_type': 'limit', 'state': 'wait', 'trade_uuid': None, 'price': 821, 'volume': 2000, 'remaining_volume': 2000, 'executed_volume': 0, 'trades_count': 0, 'reserved_fee': 4105, 'remaining_fee': 4105, 'paid_fee': 0, 'executed_funds': 0, 'trade_timestamp': None, 'order_timestamp': 1731455213749, 'timestamp': 1731455213850, 'stream_type': 'REALTIME'}
[08:46:56.424][8]빗썸탈출신청(C0112000000405940967) mode:1, 차익 부족0.0(0.493)
[08:46:56.660][8]빗썸탈출신청결과(C0112000000405940967) status_code:200 , {'uuid': 'C0112000000405940967', 'side': 'bid', 'ord_type': 'limit', 'price': '821', 'state': 'wait', 'market': 'KRW-EOS', 'created_at': '2024-11-13T08:46:53+09:00', 'volume': '2000', 'remaining_volume': '2000', 'reserved_fee': '4105', 'remaining_fee': '4105', 'paid_fee': '0', 'locked': '1646106', 'executed_volume': '0', 'trades_count': 0}
[08:46:56.784][8][bit](BID) 주문상태:cancel, {'type': 'myOrder', 'code': 'KRW-EOS', 'uuid': 'C0112000000405940967', 'ask_bid': 'BID', 'order_type': 'limit', 'state': 'cancel', 'trade_uuid': None, 'price': 821, 'volume': 2000, 'remaining_volume': 2000, 'executed_volume': 0, 'trades_count': 0, 'reserved_fee': 4105, 'remaining_fee': 4105, 'paid_fee': 0, 'executed_funds': 0, 'trade_timestamp': None, 'order_timestamp': 1731455213749, 'timestamp': 1731455216756, 'stream_type': 'REALTIME'}
[08:46:56.784][8]bit33333333333333333 매수취소(C0112000000405940967), {'type': 'myOrder', 'code': 'KRW-EOS', 'uuid': 'C0112000000405940967', 'ask_bid': 'BID', 'order_type': 'limit', 'state': 'cancel', 'trade_uuid': None, 'price': 821, 'volume': 2000, 'remaining_volume': 2000, 'executed_volume': 0, 'trades_count': 0, 'reserved_fee': 4105, 'remaining_fee': 4105, 'paid_fee': 0, 'executed_funds': 0, 'trade_timestamp': None, 'order_timestamp': 1731455213749, 'timestamp': 1731455216756, 'stream_type': 'REALTIME'}
[08:46:56.784][8]bit 4444444444444 쓰레드 정리 isclear isClear(C0112000000405940967), 남은양:2000.0, {'type': 'myOrder', 'code': 'KRW-EOS', 'uuid': 'C0112000000405940967', 'ask_bid': 'BID', 'order_type': 'limit', 'state': 'cancel', 'trade_uuid': None, 'price': 821, 'volume': 2000, 'remaining_volume': 2000, 'executed_volume': 0, 'trades_count': 0, 'reserved_fee': 4105, 'remaining_fee': 4105, 'paid_fee': 0, 'executed_funds': 0, 'trade_timestamp': None, 'order_timestamp': 1731455213749, 'timestamp': 1731455216756, 'stream_type': 'REALTIME'}
[08:46:56.785][MyApi]stop_threads 시작 C0112000000405940967
[08:46:56.787]빗썸 [8][MyApi]쓰레드 종료
[08:46:56.787][8] 666666666666666 [MyApi]stop_threads 종료 C0112000000405940967
[08:53:15.112][9]빗썸1111111111111매수신청 완료(C0112000000405941455), mode:1, result:{'uuid': 'C0112000000405941455', 'side': 'bid', 'ord_type': 'limit', 'price': '821', 'state': 'wait', 'market': 'KRW-EOS', 'created_at': '2024-11-13T08:53:15+09:00', 'volume': '2000', 'remaining_volume': '2000', 'reserved_fee': '4105', 'remaining_fee': '4105', 'paid_fee': '0', 'locked': '1646106', 'executed_volume': '0', 'trades_count': 0}
[08:53:15.185][9][bit](BID) 주문상태:wait, {'type': 'myOrder', 'code': 'KRW-EOS', 'uuid': 'C0112000000405941455', 'ask_bid': 'BID', 'order_type': 'limit', 'state': 'wait', 'trade_uuid': None, 'price': 821, 'volume': 2000, 'remaining_volume': 2000, 'executed_volume': 0, 'trades_count': 0, 'reserved_fee': 4105, 'remaining_fee': 4105, 'paid_fee': 0, 'executed_funds': 0, 'trade_timestamp': None, 'order_timestamp': 1731455595044, 'timestamp': 1731455595155, 'stream_type': 'REALTIME'}
[08:53:15.187][9]bit22222222222222222 매수대기 (C0112000000405941455),{'type': 'myOrder', 'code': 'KRW-EOS', 'uuid': 'C0112000000405941455', 'ask_bid': 'BID', 'order_type': 'limit', 'state': 'wait', 'trade_uuid': None, 'price': 821, 'volume': 2000, 'remaining_volume': 2000, 'executed_volume': 0, 'trades_count': 0, 'reserved_fee': 4105, 'remaining_fee': 4105, 'paid_fee': 0, 'executed_funds': 0, 'trade_timestamp': None, 'order_timestamp': 1731455595044, 'timestamp': 1731455595155, 'stream_type': 'REALTIME'}
[08:53:17.024][9]빗썸탈출신청(C0112000000405941455) mode:1, 차익 부족0.0(0.493)
[08:53:17.248][9]빗썸탈출신청결과(C0112000000405941455) status_code:200 , {'uuid': 'C0112000000405941455', 'side': 'bid', 'ord_type': 'limit', 'price': '821', 'state': 'wait', 'market': 'KRW-EOS', 'created_at': '2024-11-13T08:53:15+09:00', 'volume': '2000', 'remaining_volume': '2000', 'reserved_fee': '4105', 'remaining_fee': '4105', 'paid_fee': '0', 'locked': '1646106', 'executed_volume': '0', 'trades_count': 0}
[08:53:17.344][9][bit](BID) 주문상태:cancel, {'type': 'myOrder', 'code': 'KRW-EOS', 'uuid': 'C0112000000405941455', 'ask_bid': 'BID', 'order_type': 'limit', 'state': 'cancel', 'trade_uuid': None, 'price': 821, 'volume': 2000, 'remaining_volume': 2000, 'executed_volume': 0, 'trades_count': 0, 'reserved_fee': 4105, 'remaining_fee': 4105, 'paid_fee': 0, 'executed_funds': 0, 'trade_timestamp': None, 'order_timestamp': 1731455595044, 'timestamp': 1731455597300, 'stream_type': 'REALTIME'}
[08:53:17.344][9]bit33333333333333333 매수취소(C0112000000405941455), {'type': 'myOrder', 'code': 'KRW-EOS', 'uuid': 'C0112000000405941455', 'ask_bid': 'BID', 'order_type': 'limit', 'state': 'cancel', 'trade_uuid': None, 'price': 821, 'volume': 2000, 'remaining_volume': 2000, 'executed_volume': 0, 'trades_count': 0, 'reserved_fee': 4105, 'remaining_fee': 4105, 'paid_fee': 0, 'executed_funds': 0, 'trade_timestamp': None, 'order_timestamp': 1731455595044, 'timestamp': 1731455597300, 'stream_type': 'REALTIME'}
[08:53:17.344][9]bit 4444444444444 쓰레드 정리 isclear isClear(C0112000000405941455), 남은양:2000.0, {'type': 'myOrder', 'code': 'KRW-EOS', 'uuid': 'C0112000000405941455', 'ask_bid': 'BID', 'order_type': 'limit', 'state': 'cancel', 'trade_uuid': None, 'price': 821, 'volume': 2000, 'remaining_volume': 2000, 'executed_volume': 0, 'trades_count': 0, 'reserved_fee': 4105, 'remaining_fee': 4105, 'paid_fee': 0, 'executed_funds': 0, 'trade_timestamp': None, 'order_timestamp': 1731455595044, 'timestamp': 1731455597300, 'stream_type': 'REALTIME'}
[08:53:17.346][MyApi]stop_threads 시작 C0112000000405941455
[08:53:17.349]빗썸 [9][MyApi]쓰레드 종료
[08:53:17.349][9] 666666666666666 [MyApi]stop_threads 종료 C0112000000405941455
[08:53:22.304][10]빗썸1111111111111매수신청 완료(C0112000000405941471), mode:1, result:{'uuid': 'C0112000000405941471', 'side': 'bid', 'ord_type': 'limit', 'price': '821', 'state': 'wait', 'market': 'KRW-EOS', 'created_at': '2024-11-13T08:53:22+09:00', 'volume': '60.82725', 'remaining_volume': '60.82725', 'reserved_fee': '124.847930625', 'remaining_fee': '124.847930625', 'paid_fee': '0', 'locked': '50065.020180625', 'executed_volume': '0', 'trades_count': 0}
[08:53:22.379][10][bit](BID) 주문상태:wait, {'type': 'myOrder', 'code': 'KRW-EOS', 'uuid': 'C0112000000405941471', 'ask_bid': 'BID', 'order_type': 'limit', 'state': 'wait', 'trade_uuid': None, 'price': 821, 'volume': 60.82725, 'remaining_volume': 60.82725, 'executed_volume': 0, 'trades_count': 0, 'reserved_fee': 124.847930625, 'remaining_fee': 124.847930625, 'paid_fee': 0, 'executed_funds': 0, 'trade_timestamp': None, 'order_timestamp': 1731455602243, 'timestamp': 1731455602350, 'stream_type': 'REALTIME'}
[08:53:22.380][10]bit22222222222222222 매수대기 (C0112000000405941471),{'type': 'myOrder', 'code': 'KRW-EOS', 'uuid': 'C0112000000405941471', 'ask_bid': 'BID', 'order_type': 'limit', 'state': 'wait', 'trade_uuid': None, 'price': 821, 'volume': 60.82725, 'remaining_volume': 60.82725, 'executed_volume': 0, 'trades_count': 0, 'reserved_fee': 124.847930625, 'remaining_fee': 124.847930625, 'paid_fee': 0, 'executed_funds': 0, 'trade_timestamp': None, 'order_timestamp': 1731455602243, 'timestamp': 1731455602350, 'stream_type': 'REALTIME'}
[08:53:43.624][10]빗썸탈출신청(C0112000000405941471) mode:1, 차익 부족0.0(0.493)
[08:53:43.850][10]빗썸탈출신청결과(C0112000000405941471) status_code:200 , {'uuid': 'C0112000000405941471', 'side': 'bid', 'ord_type': 'limit', 'price': '821', 'state': 'wait', 'market': 'KRW-EOS', 'created_at': '2024-11-13T08:53:22+09:00', 'volume': '60.82725', 'remaining_volume': '60.82725', 'reserved_fee': '124.847930625', 'remaining_fee': '124.847930625', 'paid_fee': '0', 'locked': '50065.020180625', 'executed_volume': '0', 'trades_count': 0}
[08:53:43.886][10][bit](BID) 주문상태:cancel, {'type': 'myOrder', 'code': 'KRW-EOS', 'uuid': 'C0112000000405941471', 'ask_bid': 'BID', 'order_type': 'limit', 'state': 'cancel', 'trade_uuid': None, 'price': 821, 'volume': 60.82725, 'remaining_volume': 60.82725, 'executed_volume': 0, 'trades_count': 0, 'reserved_fee': 124.847930625, 'remaining_fee': 124.847930625, 'paid_fee': 0, 'executed_funds': 0, 'trade_timestamp': None, 'order_timestamp': 1731455602243, 'timestamp': 1731455623855, 'stream_type': 'REALTIME'}
[08:53:43.886][10]bit33333333333333333 매수취소(C0112000000405941471), {'type': 'myOrder', 'code': 'KRW-EOS', 'uuid': 'C0112000000405941471', 'ask_bid': 'BID', 'order_type': 'limit', 'state': 'cancel', 'trade_uuid': None, 'price': 821, 'volume': 60.82725, 'remaining_volume': 60.82725, 'executed_volume': 0, 'trades_count': 0, 'reserved_fee': 124.847930625, 'remaining_fee': 124.847930625, 'paid_fee': 0, 'executed_funds': 0, 'trade_timestamp': None, 'order_timestamp': 1731455602243, 'timestamp': 1731455623855, 'stream_type': 'REALTIME'}
[08:53:43.886][10]bit 4444444444444 쓰레드 정리 isclear isClear(C0112000000405941471), 남은양:60.82725, {'type': 'myOrder', 'code': 'KRW-EOS', 'uuid': 'C0112000000405941471', 'ask_bid': 'BID', 'order_type': 'limit', 'state': 'cancel', 'trade_uuid': None, 'price': 821, 'volume': 60.82725, 'remaining_volume': 60.82725, 'executed_volume': 0, 'trades_count': 0, 'reserved_fee': 124.847930625, 'remaining_fee': 124.847930625, 'paid_fee': 0, 'executed_funds': 0, 'trade_timestamp': None, 'order_timestamp': 1731455602243, 'timestamp': 1731455623855, 'stream_type': 'REALTIME'}
[08:53:43.888][MyApi]stop_threads 시작 C0112000000405941471
[08:53:43.890]빗썸 [10][MyApi]쓰레드 종료
[08:53:43.890][10] 666666666666666 [MyApi]stop_threads 종료 C0112000000405941471
[08:54:03.176][11]빗썸1111111111111매수신청 완료(C0112000000405941525), mode:1, result:{'uuid': 'C0112000000405941525', 'side': 'bid', 'ord_type': 'limit', 'price': '821', 'state': 'wait', 'market': 'KRW-EOS', 'created_at': '2024-11-13T08:54:03+09:00', 'volume': '437.87712', 'remaining_volume': '437.87712', 'reserved_fee': '898.7427888', 'remaining_fee': '898.7427888', 'paid_fee': '0', 'locked': '360396.8583088', 'executed_volume': '0', 'trades_count': 0}
[08:54:03.224][11]빗썸탈출신청(C0112000000405941525) mode:1, 최종적으로 수량 부족으로 탈출. 업빗매수2차익:0.0, BitToUp:0.492, UpToBit:0.739, 남은매수/신청매수:437.87712/437.87712, buy_amount:2.895e-05, get_total_units:0, up_buy1_amount:2.895e-05, up_buy2_amount:3918.14427342
[08:54:03.251][11][bit](BID) 주문상태:wait, {'type': 'myOrder', 'code': 'KRW-EOS', 'uuid': 'C0112000000405941525', 'ask_bid': 'BID', 'order_type': 'limit', 'state': 'wait', 'trade_uuid': None, 'price': 821, 'volume': 437.87712, 'remaining_volume': 437.87712, 'executed_volume': 0, 'trades_count': 0, 'reserved_fee': 898.7427888, 'remaining_fee': 898.7427888, 'paid_fee': 0, 'executed_funds': 0, 'trade_timestamp': None, 'order_timestamp': 1731455643107, 'timestamp': 1731455643219, 'stream_type': 'REALTIME'}
[08:54:03.253][11]bit22222222222222222 매수대기 (C0112000000405941525),{'type': 'myOrder', 'code': 'KRW-EOS', 'uuid': 'C0112000000405941525', 'ask_bid': 'BID', 'order_type': 'limit', 'state': 'wait', 'trade_uuid': None, 'price': 821, 'volume': 437.87712, 'remaining_volume': 437.87712, 'executed_volume': 0, 'trades_count': 0, 'reserved_fee': 898.7427888, 'remaining_fee': 898.7427888, 'paid_fee': 0, 'executed_funds': 0, 'trade_timestamp': None, 'order_timestamp': 1731455643107, 'timestamp': 1731455643219, 'stream_type': 'REALTIME'}
[08:54:03.525][11]빗썸탈출신청결과(C0112000000405941525) status_code:200 , {'uuid': 'C0112000000405941525', 'side': 'bid', 'ord_type': 'limit', 'price': '821', 'state': 'wait', 'market': 'KRW-EOS', 'created_at': '2024-11-13T08:54:03+09:00', 'volume': '437.87712', 'remaining_volume': '437.87712', 'reserved_fee': '898.7427888', 'remaining_fee': '898.7427888', 'paid_fee': '0', 'locked': '360396.8583088', 'executed_volume': '0', 'trades_count': 0}
[08:54:03.585][11][bit](BID) 주문상태:cancel, {'type': 'myOrder', 'code': 'KRW-EOS', 'uuid': 'C0112000000405941525', 'ask_bid': 'BID', 'order_type': 'limit', 'state': 'cancel', 'trade_uuid': None, 'price': 821, 'volume': 437.87712, 'remaining_volume': 437.87712, 'executed_volume': 0, 'trades_count': 0, 'reserved_fee': 898.7427888, 'remaining_fee': 898.7427888, 'paid_fee': 0, 'executed_funds': 0, 'trade_timestamp': None, 'order_timestamp': 1731455643107, 'timestamp': 1731455643557, 'stream_type': 'REALTIME'}
[08:54:03.585][11]bit33333333333333333 매수취소(C0112000000405941525), {'type': 'myOrder', 'code': 'KRW-EOS', 'uuid': 'C0112000000405941525', 'ask_bid': 'BID', 'order_type': 'limit', 'state': 'cancel', 'trade_uuid': None, 'price': 821, 'volume': 437.87712, 'remaining_volume': 437.87712, 'executed_volume': 0, 'trades_count': 0, 'reserved_fee': 898.7427888, 'remaining_fee': 898.7427888, 'paid_fee': 0, 'executed_funds': 0, 'trade_timestamp': None, 'order_timestamp': 1731455643107, 'timestamp': 1731455643557, 'stream_type': 'REALTIME'}
[08:54:03.585][11]bit 4444444444444 쓰레드 정리 isclear isClear(C0112000000405941525), 남은양:437.87712, {'type': 'myOrder', 'code': 'KRW-EOS', 'uuid': 'C0112000000405941525', 'ask_bid': 'BID', 'order_type': 'limit', 'state': 'cancel', 'trade_uuid': None, 'price': 821, 'volume': 437.87712, 'remaining_volume': 437.87712, 'executed_volume': 0, 'trades_count': 0, 'reserved_fee': 898.7427888, 'remaining_fee': 898.7427888, 'paid_fee': 0, 'executed_funds': 0, 'trade_timestamp': None, 'order_timestamp': 1731455643107, 'timestamp': 1731455643557, 'stream_type': 'REALTIME'}
[08:54:03.586][MyApi]stop_threads 시작 C0112000000405941525
[08:54:03.588]빗썸 [11][MyApi]쓰레드 종료
[08:54:03.588][11] 666666666666666 [MyApi]stop_threads 종료 C0112000000405941525
[08:57:21.721][12]빗썸1111111111111매수신청 완료(C0112000000405941736), mode:1, result:{'uuid': 'C0112000000405941736', 'side': 'bid', 'ord_type': 'limit', 'price': '820', 'state': 'wait', 'market': 'KRW-EOS', 'created_at': '2024-11-13T08:57:21+09:00', 'volume': '1935.4059', 'remaining_volume': '1935.4059', 'reserved_fee': '3967.582095', 'remaining_fee': '3967.582095', 'paid_fee': '0', 'locked': '1591001.420095', 'executed_volume': '0', 'trades_count': 0}
[08:57:21.788][12][bit](BID) 주문상태:wait, {'type': 'myOrder', 'code': 'KRW-EOS', 'uuid': 'C0112000000405941736', 'ask_bid': 'BID', 'order_type': 'limit', 'state': 'wait', 'trade_uuid': None, 'price': 820, 'volume': 1935.4059, 'remaining_volume': 1935.4059, 'executed_volume': 0, 'trades_count': 0, 'reserved_fee': 3967.582095, 'remaining_fee': 3967.582095, 'paid_fee': 0, 'executed_funds': 0, 'trade_timestamp': None, 'order_timestamp': 1731455841626, 'timestamp': 1731455841753, 'stream_type': 'REALTIME'}
[08:57:21.790][12]bit22222222222222222 매수대기 (C0112000000405941736),{'type': 'myOrder', 'code': 'KRW-EOS', 'uuid': 'C0112000000405941736', 'ask_bid': 'BID', 'order_type': 'limit', 'state': 'wait', 'trade_uuid': None, 'price': 820, 'volume': 1935.4059, 'remaining_volume': 1935.4059, 'executed_volume': 0, 'trades_count': 0, 'reserved_fee': 3967.582095, 'remaining_fee': 3967.582095, 'paid_fee': 0, 'executed_funds': 0, 'trade_timestamp': None, 'order_timestamp': 1731455841626, 'timestamp': 1731455841753, 'stream_type': 'REALTIME'}
[08:57:23.324][12]빗썸탈출신청(C0112000000405941736) mode:1, 최종적으로 수량 부족으로 탈출. 업빗매수2차익:0.0, BitToUp:0.492, UpToBit:0.738, 남은매수/신청매수:1935.4059/1935.4059, buy_amount:1440.40600762, get_total_units:0, up_buy1_amount:1440.40600762, up_buy2_amount:11545.92257379
[08:57:23.613][12]빗썸탈출신청결과(C0112000000405941736) status_code:200 , {'uuid': 'C0112000000405941736', 'side': 'bid', 'ord_type': 'limit', 'price': '820', 'state': 'wait', 'market': 'KRW-EOS', 'created_at': '2024-11-13T08:57:21+09:00', 'volume': '1935.4059', 'remaining_volume': '1935.4059', 'reserved_fee': '3967.582095', 'remaining_fee': '3967.582095', 'paid_fee': '0', 'locked': '1591001.420095', 'executed_volume': '0', 'trades_count': 0}
[08:57:23.636][12][bit](BID) 주문상태:cancel, {'type': 'myOrder', 'code': 'KRW-EOS', 'uuid': 'C0112000000405941736', 'ask_bid': 'BID', 'order_type': 'limit', 'state': 'cancel', 'trade_uuid': None, 'price': 820, 'volume': 1935.4059, 'remaining_volume': 1935.4059, 'executed_volume': 0, 'trades_count': 0, 'reserved_fee': 3967.582095, 'remaining_fee': 3967.582095, 'paid_fee': 0, 'executed_funds': 0, 'trade_timestamp': None, 'order_timestamp': 1731455841626, 'timestamp': 1731455843605, 'stream_type': 'REALTIME'}
[08:57:23.636][12]bit33333333333333333 매수취소(C0112000000405941736), {'type': 'myOrder', 'code': 'KRW-EOS', 'uuid': 'C0112000000405941736', 'ask_bid': 'BID', 'order_type': 'limit', 'state': 'cancel', 'trade_uuid': None, 'price': 820, 'volume': 1935.4059, 'remaining_volume': 1935.4059, 'executed_volume': 0, 'trades_count': 0, 'reserved_fee': 3967.582095, 'remaining_fee': 3967.582095, 'paid_fee': 0, 'executed_funds': 0, 'trade_timestamp': None, 'order_timestamp': 1731455841626, 'timestamp': 1731455843605, 'stream_type': 'REALTIME'}
[08:57:23.636][12]bit 4444444444444 쓰레드 정리 isclear isClear(C0112000000405941736), 남은양:1935.4059, {'type': 'myOrder', 'code': 'KRW-EOS', 'uuid': 'C0112000000405941736', 'ask_bid': 'BID', 'order_type': 'limit', 'state': 'cancel', 'trade_uuid': None, 'price': 820, 'volume': 1935.4059, 'remaining_volume': 1935.4059, 'executed_volume': 0, 'trades_count': 0, 'reserved_fee': 3967.582095, 'remaining_fee': 3967.582095, 'paid_fee': 0, 'executed_funds': 0, 'trade_timestamp': None, 'order_timestamp': 1731455841626, 'timestamp': 1731455843605, 'stream_type': 'REALTIME'}
[08:57:23.637][MyApi]stop_threads 시작 C0112000000405941736
[08:57:23.639]빗썸 [12][MyApi]쓰레드 종료
[08:57:23.639][12] 666666666666666 [MyApi]stop_threads 종료 C0112000000405941736
[08:57:24.641][13]빗썸1111111111111매수신청 완료(C0112000000405941738), mode:1, result:{'uuid': 'C0112000000405941738', 'side': 'bid', 'ord_type': 'limit', 'price': '820', 'state': 'wait', 'market': 'KRW-EOS', 'created_at': '2024-11-13T08:57:24+09:00', 'volume': '1440.406', 'remaining_volume': '1440.406', 'reserved_fee': '2952.8323', 'remaining_fee': '2952.8323', 'paid_fee': '0', 'locked': '1184086.7523', 'executed_volume': '0', 'trades_count': 0}
[08:57:24.683][13][bit](BID) 주문상태:wait, {'type': 'myOrder', 'code': 'KRW-EOS', 'uuid': 'C0112000000405941738', 'ask_bid': 'BID', 'order_type': 'limit', 'state': 'wait', 'trade_uuid': None, 'price': 820, 'volume': 1440.406, 'remaining_volume': 1440.406, 'executed_volume': 0, 'trades_count': 0, 'reserved_fee': 2952.8323, 'remaining_fee': 2952.8323, 'paid_fee': 0, 'executed_funds': 0, 'trade_timestamp': None, 'order_timestamp': 1731455844568, 'timestamp': 1731455844651, 'stream_type': 'REALTIME'}
[08:57:24.684][13]bit22222222222222222 매수대기 (C0112000000405941738),{'type': 'myOrder', 'code': 'KRW-EOS', 'uuid': 'C0112000000405941738', 'ask_bid': 'BID', 'order_type': 'limit', 'state': 'wait', 'trade_uuid': None, 'price': 820, 'volume': 1440.406, 'remaining_volume': 1440.406, 'executed_volume': 0, 'trades_count': 0, 'reserved_fee': 2952.8323, 'remaining_fee': 2952.8323, 'paid_fee': 0, 'executed_funds': 0, 'trade_timestamp': None, 'order_timestamp': 1731455844568, 'timestamp': 1731455844651, 'stream_type': 'REALTIME'}
[08:57:24.824][13]빗썸탈출신청(C0112000000405941738) mode:1, 최종적으로 수량 부족으로 탈출. 업빗매수2차익:0.0, BitToUp:0.492, UpToBit:0.738, 남은매수/신청매수:1440.406/1440.406, buy_amount:597.10600762, get_total_units:0, up_buy1_amount:597.10600762, up_buy2_amount:11545.92257379
[08:57:25.124][13]빗썸탈출신청결과(C0112000000405941738) status_code:200 , {'uuid': 'C0112000000405941738', 'side': 'bid', 'ord_type': 'limit', 'price': '820', 'state': 'wait', 'market': 'KRW-EOS', 'created_at': '2024-11-13T08:57:24+09:00', 'volume': '1440.406', 'remaining_volume': '1440.406', 'reserved_fee': '2952.8323', 'remaining_fee': '2952.8323', 'paid_fee': '0', 'locked': '1184086.7523', 'executed_volume': '0', 'trades_count': 0}
[08:57:25.186][13][bit](BID) 주문상태:cancel, {'type': 'myOrder', 'code': 'KRW-EOS', 'uuid': 'C0112000000405941738', 'ask_bid': 'BID', 'order_type': 'limit', 'state': 'cancel', 'trade_uuid': None, 'price': 820, 'volume': 1440.406, 'remaining_volume': 1440.406, 'executed_volume': 0, 'trades_count': 0, 'reserved_fee': 2952.8323, 'remaining_fee': 2952.8323, 'paid_fee': 0, 'executed_funds': 0, 'trade_timestamp': None, 'order_timestamp': 1731455844568, 'timestamp': 1731455845157, 'stream_type': 'REALTIME'}
[08:57:25.186][13]bit33333333333333333 매수취소(C0112000000405941738), {'type': 'myOrder', 'code': 'KRW-EOS', 'uuid': 'C0112000000405941738', 'ask_bid': 'BID', 'order_type': 'limit', 'state': 'cancel', 'trade_uuid': None, 'price': 820, 'volume': 1440.406, 'remaining_volume': 1440.406, 'executed_volume': 0, 'trades_count': 0, 'reserved_fee': 2952.8323, 'remaining_fee': 2952.8323, 'paid_fee': 0, 'executed_funds': 0, 'trade_timestamp': None, 'order_timestamp': 1731455844568, 'timestamp': 1731455845157, 'stream_type': 'REALTIME'}
[08:57:25.186][13]bit 4444444444444 쓰레드 정리 isclear isClear(C0112000000405941738), 남은양:1440.406, {'type': 'myOrder', 'code': 'KRW-EOS', 'uuid': 'C0112000000405941738', 'ask_bid': 'BID', 'order_type': 'limit', 'state': 'cancel', 'trade_uuid': None, 'price': 820, 'volume': 1440.406, 'remaining_volume': 1440.406, 'executed_volume': 0, 'trades_count': 0, 'reserved_fee': 2952.8323, 'remaining_fee': 2952.8323, 'paid_fee': 0, 'executed_funds': 0, 'trade_timestamp': None, 'order_timestamp': 1731455844568, 'timestamp': 1731455845157, 'stream_type': 'REALTIME'}
[08:57:25.187][MyApi]stop_threads 시작 C0112000000405941738
[08:57:25.190]빗썸 [13][MyApi]쓰레드 종료
[08:57:25.190][13] 666666666666666 [MyApi]stop_threads 종료 C0112000000405941738
[08:57:26.269][14]빗썸1111111111111매수신청 완료(C0112000000405941739), mode:1, result:{'uuid': 'C0112000000405941739', 'side': 'bid', 'ord_type': 'limit', 'price': '820', 'state': 'wait', 'market': 'KRW-EOS', 'created_at': '2024-11-13T08:57:26+09:00', 'volume': '597.106', 'remaining_volume': '597.106', 'reserved_fee': '1224.0673', 'remaining_fee': '1224.0673', 'paid_fee': '0', 'locked': '490851.9873', 'executed_volume': '0', 'trades_count': 0}
[08:57:26.368][14][bit](BID) 주문상태:wait, {'type': 'myOrder', 'code': 'KRW-EOS', 'uuid': 'C0112000000405941739', 'ask_bid': 'BID', 'order_type': 'limit', 'state': 'wait', 'trade_uuid': None, 'price': 820, 'volume': 597.106, 'remaining_volume': 597.106, 'executed_volume': 0, 'trades_count': 0, 'reserved_fee': 1224.0673, 'remaining_fee': 1224.0673, 'paid_fee': 0, 'executed_funds': 0, 'trade_timestamp': None, 'order_timestamp': 1731455846201, 'timestamp': 1731455846339, 'stream_type': 'REALTIME'}
[08:57:26.369][14]bit22222222222222222 매수대기 (C0112000000405941739),{'type': 'myOrder', 'code': 'KRW-EOS', 'uuid': 'C0112000000405941739', 'ask_bid': 'BID', 'order_type': 'limit', 'state': 'wait', 'trade_uuid': None, 'price': 820, 'volume': 597.106, 'remaining_volume': 597.106, 'executed_volume': 0, 'trades_count': 0, 'reserved_fee': 1224.0673, 'remaining_fee': 1224.0673, 'paid_fee': 0, 'executed_funds': 0, 'trade_timestamp': None, 'order_timestamp': 1731455846201, 'timestamp': 1731455846339, 'stream_type': 'REALTIME'}
[08:57:27.127][15]빗썸1111111111111매수신청 완료(C0112000000405941740), mode:1, result:{'uuid': 'C0112000000405941740', 'side': 'bid', 'ord_type': 'limit', 'price': '820', 'state': 'wait', 'market': 'KRW-EOS', 'created_at': '2024-11-13T08:57:27+09:00', 'volume': '1971.23021', 'remaining_volume': '1971.23021', 'reserved_fee': '4041.0219305', 'remaining_fee': '4041.0219305', 'paid_fee': '0', 'locked': '1620450.7941305', 'executed_volume': '0', 'trades_count': 0}
[08:57:27.231][15][bit](BID) 주문상태:wait, {'type': 'myOrder', 'code': 'KRW-EOS', 'uuid': 'C0112000000405941740', 'ask_bid': 'BID', 'order_type': 'limit', 'state': 'wait', 'trade_uuid': None, 'price': 820, 'volume': 1971.23021, 'remaining_volume': 1971.23021, 'executed_volume': 0, 'trades_count': 0, 'reserved_fee': 4041.0219305, 'remaining_fee': 4041.0219305, 'paid_fee': 0, 'executed_funds': 0, 'trade_timestamp': None, 'order_timestamp': 1731455847056, 'timestamp': 1731455847200, 'stream_type': 'REALTIME'}
[08:57:27.233][15]bit22222222222222222 매수대기 (C0112000000405941740),{'type': 'myOrder', 'code': 'KRW-EOS', 'uuid': 'C0112000000405941740', 'ask_bid': 'BID', 'order_type': 'limit', 'state': 'wait', 'trade_uuid': None, 'price': 820, 'volume': 1971.23021, 'remaining_volume': 1971.23021, 'executed_volume': 0, 'trades_count': 0, 'reserved_fee': 4041.0219305, 'remaining_fee': 4041.0219305, 'paid_fee': 0, 'executed_funds': 0, 'trade_timestamp': None, 'order_timestamp': 1731455847056, 'timestamp': 1731455847200, 'stream_type': 'REALTIME'}
[08:57:27.924][14]빗썸탈출신청(C0112000000405941739) mode:1, 최종적으로 수량 부족으로 탈출. 업빗매수2차익:0.0, BitToUp:0.492, UpToBit:0.738, 남은매수/신청매수:597.106/597.106, buy_amount:461.86043202, get_total_units:0, up_buy1_amount:461.86043202, up_buy2_amount:11545.92257379
[08:57:27.924][15]빗썸탈출신청(C0112000000405941740) mode:1, 최종적으로 수량 부족으로 탈출. 업빗매수2차익:0.0, BitToUp:0.492, UpToBit:0.738, 남은매수/신청매수:1971.23021/1971.23021, buy_amount:-135.24556797999998, get_total_units:597.106, up_buy1_amount:461.86043202, up_buy2_amount:11545.92257379
[08:57:28.259][15]빗썸탈출신청결과(C0112000000405941740) status_code:200 , {'uuid': 'C0112000000405941740', 'side': 'bid', 'ord_type': 'limit', 'price': '820', 'state': 'wait', 'market': 'KRW-EOS', 'created_at': '2024-11-13T08:57:27+09:00', 'volume': '1971.23021', 'remaining_volume': '1971.23021', 'reserved_fee': '4041.0219305', 'remaining_fee': '4041.0219305', 'paid_fee': '0', 'locked': '1620450.7941305', 'executed_volume': '0', 'trades_count': 0}
[08:57:28.275][14]빗썸탈출신청결과(C0112000000405941739) status_code:200 , {'uuid': 'C0112000000405941739', 'side': 'bid', 'ord_type': 'limit', 'price': '820', 'state': 'wait', 'market': 'KRW-EOS', 'created_at': '2024-11-13T08:57:26+09:00', 'volume': '597.106', 'remaining_volume': '597.106', 'reserved_fee': '1224.0673', 'remaining_fee': '1224.0673', 'paid_fee': '0', 'locked': '490851.9873', 'executed_volume': '0', 'trades_count': 0}
[08:57:28.341][15][bit](BID) 주문상태:cancel, {'type': 'myOrder', 'code': 'KRW-EOS', 'uuid': 'C0112000000405941740', 'ask_bid': 'BID', 'order_type': 'limit', 'state': 'cancel', 'trade_uuid': None, 'price': 820, 'volume': 1971.23021, 'remaining_volume': 1971.23021, 'executed_volume': 0, 'trades_count': 0, 'reserved_fee': 4041.0219305, 'remaining_fee': 4041.0219305, 'paid_fee': 0, 'executed_funds': 0, 'trade_timestamp': None, 'order_timestamp': 1731455847056, 'timestamp': 1731455848313, 'stream_type': 'REALTIME'}
[08:57:28.341][15]bit33333333333333333 매수취소(C0112000000405941740), {'type': 'myOrder', 'code': 'KRW-EOS', 'uuid': 'C0112000000405941740', 'ask_bid': 'BID', 'order_type': 'limit', 'state': 'cancel', 'trade_uuid': None, 'price': 820, 'volume': 1971.23021, 'remaining_volume': 1971.23021, 'executed_volume': 0, 'trades_count': 0, 'reserved_fee': 4041.0219305, 'remaining_fee': 4041.0219305, 'paid_fee': 0, 'executed_funds': 0, 'trade_timestamp': None, 'order_timestamp': 1731455847056, 'timestamp': 1731455848313, 'stream_type': 'REALTIME'}
[08:57:28.341][15]bit 4444444444444 쓰레드 정리 isclear isClear(C0112000000405941740), 남은양:1971.23021, {'type': 'myOrder', 'code': 'KRW-EOS', 'uuid': 'C0112000000405941740', 'ask_bid': 'BID', 'order_type': 'limit', 'state': 'cancel', 'trade_uuid': None, 'price': 820, 'volume': 1971.23021, 'remaining_volume': 1971.23021, 'executed_volume': 0, 'trades_count': 0, 'reserved_fee': 4041.0219305, 'remaining_fee': 4041.0219305, 'paid_fee': 0, 'executed_funds': 0, 'trade_timestamp': None, 'order_timestamp': 1731455847056, 'timestamp': 1731455848313, 'stream_type': 'REALTIME'}
[08:57:28.343][MyApi]stop_threads 시작 C0112000000405941740
[08:57:28.343][14]빗썸탈출신청(C0112000000405941739) mode:1, 최종적으로 수량 부족으로 탈출. 업빗매수2차익:0.0, BitToUp:0.492, UpToBit:0.738, 남은매수/신청매수:597.106/597.106, buy_amount:461.86043202, get_total_units:0, up_buy1_amount:461.86043202, up_buy2_amount:11545.92257379
[08:57:28.344]빗썸 [15][MyApi]쓰레드 종료
[08:57:28.344][15] 666666666666666 [MyApi]stop_threads 종료 C0112000000405941740
[08:57:28.389][14][bit](BID) 주문상태:cancel, {'type': 'myOrder', 'code': 'KRW-EOS', 'uuid': 'C0112000000405941739', 'ask_bid': 'BID', 'order_type': 'limit', 'state': 'cancel', 'trade_uuid': None, 'price': 820, 'volume': 597.106, 'remaining_volume': 597.106, 'executed_volume': 0, 'trades_count': 0, 'reserved_fee': 1224.0673, 'remaining_fee': 1224.0673, 'paid_fee': 0, 'executed_funds': 0, 'trade_timestamp': None, 'order_timestamp': 1731455846201, 'timestamp': 1731455848361, 'stream_type': 'REALTIME'}
[08:57:28.389][14]bit33333333333333333 매수취소(C0112000000405941739), {'type': 'myOrder', 'code': 'KRW-EOS', 'uuid': 'C0112000000405941739', 'ask_bid': 'BID', 'order_type': 'limit', 'state': 'cancel', 'trade_uuid': None, 'price': 820, 'volume': 597.106, 'remaining_volume': 597.106, 'executed_volume': 0, 'trades_count': 0, 'reserved_fee': 1224.0673, 'remaining_fee': 1224.0673, 'paid_fee': 0, 'executed_funds': 0, 'trade_timestamp': None, 'order_timestamp': 1731455846201, 'timestamp': 1731455848361, 'stream_type': 'REALTIME'}
[08:57:28.389][14]bit 4444444444444 쓰레드 정리 isclear isClear(C0112000000405941739), 남은양:597.106, {'type': 'myOrder', 'code': 'KRW-EOS', 'uuid': 'C0112000000405941739', 'ask_bid': 'BID', 'order_type': 'limit', 'state': 'cancel', 'trade_uuid': None, 'price': 820, 'volume': 597.106, 'remaining_volume': 597.106, 'executed_volume': 0, 'trades_count': 0, 'reserved_fee': 1224.0673, 'remaining_fee': 1224.0673, 'paid_fee': 0, 'executed_funds': 0, 'trade_timestamp': None, 'order_timestamp': 1731455846201, 'timestamp': 1731455848361, 'stream_type': 'REALTIME'}
[08:57:28.391][MyApi]stop_threads 시작 C0112000000405941739
[08:57:28.597][14]빗썸탈출신청결과(C0112000000405941739) status_code:404 , {'error': {'name': 'order_not_found', 'message': '주문을 찾지 못했습니다.'}}
[08:57:28.603]빗썸 [14][MyApi]쓰레드 종료
[08:57:28.603][14] 666666666666666 [MyApi]stop_threads 종료 C0112000000405941739
[08:57:31.687][16]빗썸1111111111111매수신청 완료(C0112000000405941743), mode:1, result:{'uuid': 'C0112000000405941743', 'side': 'bid', 'ord_type': 'limit', 'price': '820', 'state': 'wait', 'market': 'KRW-EOS', 'created_at': '2024-11-13T08:57:31+09:00', 'volume': '461.86043', 'remaining_volume': '461.86043', 'reserved_fee': '946.8138815', 'remaining_fee': '946.8138815', 'paid_fee': '0', 'locked': '379673.3664815', 'executed_volume': '0', 'trades_count': 0}
[08:57:31.788][16][bit](BID) 주문상태:wait, {'type': 'myOrder', 'code': 'KRW-EOS', 'uuid': 'C0112000000405941743', 'ask_bid': 'BID', 'order_type': 'limit', 'state': 'wait', 'trade_uuid': None, 'price': 820, 'volume': 461.86043, 'remaining_volume': 461.86043, 'executed_volume': 0, 'trades_count': 0, 'reserved_fee': 946.8138815, 'remaining_fee': 946.8138815, 'paid_fee': 0, 'executed_funds': 0, 'trade_timestamp': None, 'order_timestamp': 1731455851606, 'timestamp': 1731455851759, 'stream_type': 'REALTIME'}
[08:57:31.789][16]bit22222222222222222 매수대기 (C0112000000405941743),{'type': 'myOrder', 'code': 'KRW-EOS', 'uuid': 'C0112000000405941743', 'ask_bid': 'BID', 'order_type': 'limit', 'state': 'wait', 'trade_uuid': None, 'price': 820, 'volume': 461.86043, 'remaining_volume': 461.86043, 'executed_volume': 0, 'trades_count': 0, 'reserved_fee': 946.8138815, 'remaining_fee': 946.8138815, 'paid_fee': 0, 'executed_funds': 0, 'trade_timestamp': None, 'order_timestamp': 1731455851606, 'timestamp': 1731455851759, 'stream_type': 'REALTIME'}
[08:57:35.324][16]빗썸탈출신청(C0112000000405941743) mode:1, 최종적으로 수량 부족으로 탈출. 업빗매수2차익:0.0, BitToUp:0.492, UpToBit:0.738, 남은매수/신청매수:461.86043/461.86043, buy_amount:3.202e-05, get_total_units:0, up_buy1_amount:3.202e-05, up_buy2_amount:11667.66438254
[08:57:35.591][16]빗썸탈출신청결과(C0112000000405941743) status_code:200 , {'uuid': 'C0112000000405941743', 'side': 'bid', 'ord_type': 'limit', 'price': '820', 'state': 'wait', 'market': 'KRW-EOS', 'created_at': '2024-11-13T08:57:31+09:00', 'volume': '461.86043', 'remaining_volume': '461.86043', 'reserved_fee': '946.8138815', 'remaining_fee': '946.8138815', 'paid_fee': '0', 'locked': '379673.3664815', 'executed_volume': '0', 'trades_count': 0}
[08:57:35.627][16][bit](BID) 주문상태:cancel, {'type': 'myOrder', 'code': 'KRW-EOS', 'uuid': 'C0112000000405941743', 'ask_bid': 'BID', 'order_type': 'limit', 'state': 'cancel', 'trade_uuid': None, 'price': 820, 'volume': 461.86043, 'remaining_volume': 461.86043, 'executed_volume': 0, 'trades_count': 0, 'reserved_fee': 946.8138815, 'remaining_fee': 946.8138815, 'paid_fee': 0, 'executed_funds': 0, 'trade_timestamp': None, 'order_timestamp': 1731455851606, 'timestamp': 1731455855599, 'stream_type': 'REALTIME'}
[08:57:35.627][16]bit33333333333333333 매수취소(C0112000000405941743), {'type': 'myOrder', 'code': 'KRW-EOS', 'uuid': 'C0112000000405941743', 'ask_bid': 'BID', 'order_type': 'limit', 'state': 'cancel', 'trade_uuid': None, 'price': 820, 'volume': 461.86043, 'remaining_volume': 461.86043, 'executed_volume': 0, 'trades_count': 0, 'reserved_fee': 946.8138815, 'remaining_fee': 946.8138815, 'paid_fee': 0, 'executed_funds': 0, 'trade_timestamp': None, 'order_timestamp': 1731455851606, 'timestamp': 1731455855599, 'stream_type': 'REALTIME'}
[08:57:35.628][16]bit 4444444444444 쓰레드 정리 isclear isClear(C0112000000405941743), 남은양:461.86043, {'type': 'myOrder', 'code': 'KRW-EOS', 'uuid': 'C0112000000405941743', 'ask_bid': 'BID', 'order_type': 'limit', 'state': 'cancel', 'trade_uuid': None, 'price': 820, 'volume': 461.86043, 'remaining_volume': 461.86043, 'executed_volume': 0, 'trades_count': 0, 'reserved_fee': 946.8138815, 'remaining_fee': 946.8138815, 'paid_fee': 0, 'executed_funds': 0, 'trade_timestamp': None, 'order_timestamp': 1731455851606, 'timestamp': 1731455855599, 'stream_type': 'REALTIME'}
[08:57:35.629][MyApi]stop_threads 시작 C0112000000405941743
[08:57:35.631]빗썸 [16][MyApi]쓰레드 종료
[08:57:35.632][16] 666666666666666 [MyApi]stop_threads 종료 C0112000000405941743
[08:57:48.849][17]빗썸1111111111111매수신청 완료(C0112000000405941766), mode:1, result:{'uuid': 'C0112000000405941766', 'side': 'bid', 'ord_type': 'limit', 'price': '820', 'state': 'wait', 'market': 'KRW-EOS', 'created_at': '2024-11-13T08:57:48+09:00', 'volume': '983.77428', 'remaining_volume': '983.77428', 'reserved_fee': '2016.737274', 'remaining_fee': '2016.737274', 'paid_fee': '0', 'locked': '808712.646874', 'executed_volume': '0', 'trades_count': 0}
[08:57:48.933][17][bit](BID) 주문상태:wait, {'type': 'myOrder', 'code': 'KRW-EOS', 'uuid': 'C0112000000405941766', 'ask_bid': 'BID', 'order_type': 'limit', 'state': 'wait', 'trade_uuid': None, 'price': 820, 'volume': 983.77428, 'remaining_volume': 983.77428, 'executed_volume': 0, 'trades_count': 0, 'reserved_fee': 2016.737274, 'remaining_fee': 2016.737274, 'paid_fee': 0, 'executed_funds': 0, 'trade_timestamp': None, 'order_timestamp': 1731455868771, 'timestamp': 1731455868903, 'stream_type': 'REALTIME'}
[08:57:48.936][17]bit22222222222222222 매수대기 (C0112000000405941766),{'type': 'myOrder', 'code': 'KRW-EOS', 'uuid': 'C0112000000405941766', 'ask_bid': 'BID', 'order_type': 'limit', 'state': 'wait', 'trade_uuid': None, 'price': 820, 'volume': 983.77428, 'remaining_volume': 983.77428, 'executed_volume': 0, 'trades_count': 0, 'reserved_fee': 2016.737274, 'remaining_fee': 2016.737274, 'paid_fee': 0, 'executed_funds': 0, 'trade_timestamp': None, 'order_timestamp': 1731455868771, 'timestamp': 1731455868903, 'stream_type': 'REALTIME'}
[08:57:49.325][17]빗썸탈출신청(C0112000000405941766) mode:1, 차익 부족0.0(0.492)
[08:57:49.709][17]빗썸탈출신청결과(C0112000000405941766) status_code:200 , {'uuid': 'C0112000000405941766', 'side': 'bid', 'ord_type': 'limit', 'price': '820', 'state': 'wait', 'market': 'KRW-EOS', 'created_at': '2024-11-13T08:57:48+09:00', 'volume': '983.77428', 'remaining_volume': '983.77428', 'reserved_fee': '2016.737274', 'remaining_fee': '2016.737274', 'paid_fee': '0', 'locked': '808712.646874', 'executed_volume': '0', 'trades_count': 0}
[08:57:49.732][17]빗썸탈출신청(C0112000000405941766) mode:1, 차익 부족0.0(0.492)
[08:57:49.738][17][bit](BID) 주문상태:cancel, {'type': 'myOrder', 'code': 'KRW-EOS', 'uuid': 'C0112000000405941766', 'ask_bid': 'BID', 'order_type': 'limit', 'state': 'cancel', 'trade_uuid': None, 'price': 820, 'volume': 983.77428, 'remaining_volume': 983.77428, 'executed_volume': 0, 'trades_count': 0, 'reserved_fee': 2016.737274, 'remaining_fee': 2016.737274, 'paid_fee': 0, 'executed_funds': 0, 'trade_timestamp': None, 'order_timestamp': 1731455868771, 'timestamp': 1731455869705, 'stream_type': 'REALTIME'}
[08:57:49.738][17]bit33333333333333333 매수취소(C0112000000405941766), {'type': 'myOrder', 'code': 'KRW-EOS', 'uuid': 'C0112000000405941766', 'ask_bid': 'BID', 'order_type': 'limit', 'state': 'cancel', 'trade_uuid': None, 'price': 820, 'volume': 983.77428, 'remaining_volume': 983.77428, 'executed_volume': 0, 'trades_count': 0, 'reserved_fee': 2016.737274, 'remaining_fee': 2016.737274, 'paid_fee': 0, 'executed_funds': 0, 'trade_timestamp': None, 'order_timestamp': 1731455868771, 'timestamp': 1731455869705, 'stream_type': 'REALTIME'}
[08:57:49.738][17]bit 4444444444444 쓰레드 정리 isclear isClear(C0112000000405941766), 남은양:983.77428, {'type': 'myOrder', 'code': 'KRW-EOS', 'uuid': 'C0112000000405941766', 'ask_bid': 'BID', 'order_type': 'limit', 'state': 'cancel', 'trade_uuid': None, 'price': 820, 'volume': 983.77428, 'remaining_volume': 983.77428, 'executed_volume': 0, 'trades_count': 0, 'reserved_fee': 2016.737274, 'remaining_fee': 2016.737274, 'paid_fee': 0, 'executed_funds': 0, 'trade_timestamp': None, 'order_timestamp': 1731455868771, 'timestamp': 1731455869705, 'stream_type': 'REALTIME'}
[08:57:49.739][MyApi]stop_threads 시작 C0112000000405941766
[08:57:49.947][17]빗썸탈출신청결과(C0112000000405941766) status_code:404 , {'error': {'name': 'order_not_found', 'message': '주문을 찾지 못했습니다.'}}
[08:57:49.951]빗썸 [17][MyApi]쓰레드 종료
[08:57:49.951][17] 666666666666666 [MyApi]stop_threads 종료 C0112000000405941766
[08:59:28.848][18]빗썸1111111111111매수신청 완료(C0112000000405941974), mode:1, result:{'uuid': 'C0112000000405941974', 'side': 'bid', 'ord_type': 'limit', 'price': '818', 'state': 'wait', 'market': 'KRW-EOS', 'created_at': '2024-11-13T08:59:28+09:00', 'volume': '971.60074', 'remaining_volume': '971.60074', 'reserved_fee': '1986.9235133', 'remaining_fee': '1986.9235133', 'paid_fee': '0', 'locked': '796757.3288333', 'executed_volume': '0', 'trades_count': 0}
[08:59:29.016][18][bit](BID) 주문상태:wait, {'type': 'myOrder', 'code': 'KRW-EOS', 'uuid': 'C0112000000405941974', 'ask_bid': 'BID', 'order_type': 'limit', 'state': 'wait', 'trade_uuid': None, 'price': 818, 'volume': 971.60074, 'remaining_volume': 971.60074, 'executed_volume': 0, 'trades_count': 0, 'reserved_fee': 1986.9235133, 'remaining_fee': 1986.9235133, 'paid_fee': 0, 'executed_funds': 0, 'trade_timestamp': None, 'order_timestamp': 1731455968778, 'timestamp': 1731455968988, 'stream_type': 'REALTIME'}
[08:59:29.018][18]bit22222222222222222 매수대기 (C0112000000405941974),{'type': 'myOrder', 'code': 'KRW-EOS', 'uuid': 'C0112000000405941974', 'ask_bid': 'BID', 'order_type': 'limit', 'state': 'wait', 'trade_uuid': None, 'price': 818, 'volume': 971.60074, 'remaining_volume': 971.60074, 'executed_volume': 0, 'trades_count': 0, 'reserved_fee': 1986.9235133, 'remaining_fee': 1986.9235133, 'paid_fee': 0, 'executed_funds': 0, 'trade_timestamp': None, 'order_timestamp': 1731455968778, 'timestamp': 1731455968988, 'stream_type': 'REALTIME'}
[08:59:29.424][18]빗썸탈출신청(C0112000000405941974) mode:1, 최종적으로 수량 부족으로 탈출. 업빗매수2차익:0.0, BitToUp:0.49, UpToBit:0.737, 남은매수/신청매수:971.60074/971.60074, buy_amount:718.55943414, get_total_units:0, up_buy1_amount:718.55943414, up_buy2_amount:2082.00103395
[08:59:29.673][18]빗썸탈출신청결과(C0112000000405941974) status_code:200 , {'uuid': 'C0112000000405941974', 'side': 'bid', 'ord_type': 'limit', 'price': '818', 'state': 'wait', 'market': 'KRW-EOS', 'created_at': '2024-11-13T08:59:28+09:00', 'volume': '971.60074', 'remaining_volume': '971.60074', 'reserved_fee': '1986.9235133', 'remaining_fee': '1986.9235133', 'paid_fee': '0', 'locked': '796757.3288333', 'executed_volume': '0', 'trades_count': 0}
[08:59:29.897][18][bit](BID) 주문상태:cancel, {'type': 'myOrder', 'code': 'KRW-EOS', 'uuid': 'C0112000000405941974', 'ask_bid': 'BID', 'order_type': 'limit', 'state': 'cancel', 'trade_uuid': None, 'price': 818, 'volume': 971.60074, 'remaining_volume': 971.60074, 'executed_volume': 0, 'trades_count': 0, 'reserved_fee': 1986.9235133, 'remaining_fee': 1986.9235133, 'paid_fee': 0, 'executed_funds': 0, 'trade_timestamp': None, 'order_timestamp': 1731455968778, 'timestamp': 1731455969868, 'stream_type': 'REALTIME'}
[08:59:29.897][18]bit33333333333333333 매수취소(C0112000000405941974), {'type': 'myOrder', 'code': 'KRW-EOS', 'uuid': 'C0112000000405941974', 'ask_bid': 'BID', 'order_type': 'limit', 'state': 'cancel', 'trade_uuid': None, 'price': 818, 'volume': 971.60074, 'remaining_volume': 971.60074, 'executed_volume': 0, 'trades_count': 0, 'reserved_fee': 1986.9235133, 'remaining_fee': 1986.9235133, 'paid_fee': 0, 'executed_funds': 0, 'trade_timestamp': None, 'order_timestamp': 1731455968778, 'timestamp': 1731455969868, 'stream_type': 'REALTIME'}
[08:59:29.897][18]bit 4444444444444 쓰레드 정리 isclear isClear(C0112000000405941974), 남은양:971.60074, {'type': 'myOrder', 'code': 'KRW-EOS', 'uuid': 'C0112000000405941974', 'ask_bid': 'BID', 'order_type': 'limit', 'state': 'cancel', 'trade_uuid': None, 'price': 818, 'volume': 971.60074, 'remaining_volume': 971.60074, 'executed_volume': 0, 'trades_count': 0, 'reserved_fee': 1986.9235133, 'remaining_fee': 1986.9235133, 'paid_fee': 0, 'executed_funds': 0, 'trade_timestamp': None, 'order_timestamp': 1731455968778, 'timestamp': 1731455969868, 'stream_type': 'REALTIME'}
[08:59:29.898][MyApi]stop_threads 시작 C0112000000405941974
[08:59:29.901]빗썸 [18][MyApi]쓰레드 종료
[08:59:29.901][18] 666666666666666 [MyApi]stop_threads 종료 C0112000000405941974
[08:59:31.507][19]빗썸1111111111111매수신청 완료(C0112000000405941994), mode:1, result:{'uuid': 'C0112000000405941994', 'side': 'bid', 'ord_type': 'limit', 'price': '818', 'state': 'wait', 'market': 'KRW-EOS', 'created_at': '2024-11-13T08:59:31+09:00', 'volume': '1506.87415', 'remaining_volume': '1506.87415', 'reserved_fee': '3081.55763675', 'remaining_fee': '3081.55763675', 'paid_fee': '0', 'locked': '1235705.61233675', 'executed_volume': '0', 'trades_count': 0}
[08:59:31.634][19][bit](BID) 주문상태:wait, {'type': 'myOrder', 'code': 'KRW-EOS', 'uuid': 'C0112000000405941994', 'ask_bid': 'BID', 'order_type': 'limit', 'state': 'wait', 'trade_uuid': None, 'price': 818, 'volume': 1506.87415, 'remaining_volume': 1506.87415, 'executed_volume': 0, 'trades_count': 0, 'reserved_fee': 3081.55763675, 'remaining_fee': 3081.55763675, 'paid_fee': 0, 'executed_funds': 0, 'trade_timestamp': None, 'order_timestamp': 1731455971436, 'timestamp': 1731455971603, 'stream_type': 'REALTIME'}
[08:59:31.635][19]bit22222222222222222 매수대기 (C0112000000405941994),{'type': 'myOrder', 'code': 'KRW-EOS', 'uuid': 'C0112000000405941994', 'ask_bid': 'BID', 'order_type': 'limit', 'state': 'wait', 'trade_uuid': None, 'price': 818, 'volume': 1506.87415, 'remaining_volume': 1506.87415, 'executed_volume': 0, 'trades_count': 0, 'reserved_fee': 3081.55763675, 'remaining_fee': 3081.55763675, 'paid_fee': 0, 'executed_funds': 0, 'trade_timestamp': None, 'order_timestamp': 1731455971436, 'timestamp': 1731455971603, 'stream_type': 'REALTIME'}
[08:59:32.524][19]빗썸탈출신청(C0112000000405941994) mode:1, 최종적으로 수량 부족으로 탈출. 업빗매수2차익:0.0, BitToUp:0.491, UpToBit:0.737, 남은매수/신청매수:1506.87415/1506.87415, buy_amount:654.34390857, get_total_units:0, up_buy1_amount:654.34390857, up_buy2_amount:2082.00103395
[08:59:32.808][19]빗썸탈출신청결과(C0112000000405941994) status_code:200 , {'uuid': 'C0112000000405941994', 'side': 'bid', 'ord_type': 'limit', 'price': '818', 'state': 'wait', 'market': 'KRW-EOS', 'created_at': '2024-11-13T08:59:31+09:00', 'volume': '1506.87415', 'remaining_volume': '1506.87415', 'reserved_fee': '3081.55763675', 'remaining_fee': '3081.55763675', 'paid_fee': '0', 'locked': '1235705.61233675', 'executed_volume': '0', 'trades_count': 0}
[08:59:32.897][19][bit](BID) 주문상태:cancel, {'type': 'myOrder', 'code': 'KRW-EOS', 'uuid': 'C0112000000405941994', 'ask_bid': 'BID', 'order_type': 'limit', 'state': 'cancel', 'trade_uuid': None, 'price': 818, 'volume': 1506.87415, 'remaining_volume': 1506.87415, 'executed_volume': 0, 'trades_count': 0, 'reserved_fee': 3081.55763675, 'remaining_fee': 3081.55763675, 'paid_fee': 0, 'executed_funds': 0, 'trade_timestamp': None, 'order_timestamp': 1731455971436, 'timestamp': 1731455972869, 'stream_type': 'REALTIME'}
[08:59:32.897][19]bit33333333333333333 매수취소(C0112000000405941994), {'type': 'myOrder', 'code': 'KRW-EOS', 'uuid': 'C0112000000405941994', 'ask_bid': 'BID', 'order_type': 'limit', 'state': 'cancel', 'trade_uuid': None, 'price': 818, 'volume': 1506.87415, 'remaining_volume': 1506.87415, 'executed_volume': 0, 'trades_count': 0, 'reserved_fee': 3081.55763675, 'remaining_fee': 3081.55763675, 'paid_fee': 0, 'executed_funds': 0, 'trade_timestamp': None, 'order_timestamp': 1731455971436, 'timestamp': 1731455972869, 'stream_type': 'REALTIME'}
[08:59:32.897][19]bit 4444444444444 쓰레드 정리 isclear isClear(C0112000000405941994), 남은양:1506.87415, {'type': 'myOrder', 'code': 'KRW-EOS', 'uuid': 'C0112000000405941994', 'ask_bid': 'BID', 'order_type': 'limit', 'state': 'cancel', 'trade_uuid': None, 'price': 818, 'volume': 1506.87415, 'remaining_volume': 1506.87415, 'executed_volume': 0, 'trades_count': 0, 'reserved_fee': 3081.55763675, 'remaining_fee': 3081.55763675, 'paid_fee': 0, 'executed_funds': 0, 'trade_timestamp': None, 'order_timestamp': 1731455971436, 'timestamp': 1731455972869, 'stream_type': 'REALTIME'}
[08:59:32.898][MyApi]stop_threads 시작 C0112000000405941994
[08:59:32.900]빗썸 [19][MyApi]쓰레드 종료
[08:59:32.900][19] 666666666666666 [MyApi]stop_threads 종료 C0112000000405941994
[09:02:57.882][20]빗썸1111111111111매수신청 완료(C0112000000405942369), mode:1, result:{'uuid': 'C0112000000405942369', 'side': 'bid', 'ord_type': 'limit', 'price': '818', 'state': 'wait', 'market': 'KRW-EOS', 'created_at': '2024-11-13T09:02:57+09:00', 'volume': '2000', 'remaining_volume': '2000', 'reserved_fee': '4090', 'remaining_fee': '4090', 'paid_fee': '0', 'locked': '1640091', 'executed_volume': '0', 'trades_count': 0}
[09:02:57.942][20][bit](BID) 주문상태:wait, {'type': 'myOrder', 'code': 'KRW-EOS', 'uuid': 'C0112000000405942369', 'ask_bid': 'BID', 'order_type': 'limit', 'state': 'wait', 'trade_uuid': None, 'price': 818, 'volume': 2000, 'remaining_volume': 2000, 'executed_volume': 0, 'trades_count': 0, 'reserved_fee': 4090, 'remaining_fee': 4090, 'paid_fee': 0, 'executed_funds': 0, 'trade_timestamp': None, 'order_timestamp': 1731456177805, 'timestamp': 1731456177911, 'stream_type': 'REALTIME'}
[09:02:57.944][20]bit22222222222222222 매수대기 (C0112000000405942369),{'type': 'myOrder', 'code': 'KRW-EOS', 'uuid': 'C0112000000405942369', 'ask_bid': 'BID', 'order_type': 'limit', 'state': 'wait', 'trade_uuid': None, 'price': 818, 'volume': 2000, 'remaining_volume': 2000, 'executed_volume': 0, 'trades_count': 0, 'reserved_fee': 4090, 'remaining_fee': 4090, 'paid_fee': 0, 'executed_funds': 0, 'trade_timestamp': None, 'order_timestamp': 1731456177805, 'timestamp': 1731456177911, 'stream_type': 'REALTIME'}
[09:02:58.908][21]빗썸1111111111111매수신청 완료(C0112000000405942372), mode:1, result:{'uuid': 'C0112000000405942372', 'side': 'bid', 'ord_type': 'limit', 'price': '818', 'state': 'wait', 'market': 'KRW-EOS', 'created_at': '2024-11-13T09:02:58+09:00', 'volume': '2000', 'remaining_volume': '2000', 'reserved_fee': '4090', 'remaining_fee': '4090', 'paid_fee': '0', 'locked': '1640091', 'executed_volume': '0', 'trades_count': 0}
[09:02:59.034][21][bit](BID) 주문상태:wait, {'type': 'myOrder', 'code': 'KRW-EOS', 'uuid': 'C0112000000405942372', 'ask_bid': 'BID', 'order_type': 'limit', 'state': 'wait', 'trade_uuid': None, 'price': 818, 'volume': 2000, 'remaining_volume': 2000, 'executed_volume': 0, 'trades_count': 0, 'reserved_fee': 4090, 'remaining_fee': 4090, 'paid_fee': 0, 'executed_funds': 0, 'trade_timestamp': None, 'order_timestamp': 1731456178832, 'timestamp': 1731456179006, 'stream_type': 'REALTIME'}
[09:02:59.036][21]bit22222222222222222 매수대기 (C0112000000405942372),{'type': 'myOrder', 'code': 'KRW-EOS', 'uuid': 'C0112000000405942372', 'ask_bid': 'BID', 'order_type': 'limit', 'state': 'wait', 'trade_uuid': None, 'price': 818, 'volume': 2000, 'remaining_volume': 2000, 'executed_volume': 0, 'trades_count': 0, 'reserved_fee': 4090, 'remaining_fee': 4090, 'paid_fee': 0, 'executed_funds': 0, 'trade_timestamp': None, 'order_timestamp': 1731456178832, 'timestamp': 1731456179006, 'stream_type': 'REALTIME'}
[09:02:59.810][22]빗썸1111111111111매수신청 완료(C0112000000405942379), mode:1, result:{'uuid': 'C0112000000405942379', 'side': 'bid', 'ord_type': 'limit', 'price': '818', 'state': 'wait', 'market': 'KRW-EOS', 'created_at': '2024-11-13T09:02:59+09:00', 'volume': '814.08', 'remaining_volume': '814.08', 'reserved_fee': '1664.7936', 'remaining_fee': '1664.7936', 'paid_fee': '0', 'locked': '667583.2336', 'executed_volume': '0', 'trades_count': 0}
[09:02:59.891][22][bit](BID) 주문상태:wait, {'type': 'myOrder', 'code': 'KRW-EOS', 'uuid': 'C0112000000405942379', 'ask_bid': 'BID', 'order_type': 'limit', 'state': 'wait', 'trade_uuid': None, 'price': 818, 'volume': 814.08, 'remaining_volume': 814.08, 'executed_volume': 0, 'trades_count': 0, 'reserved_fee': 1664.7936, 'remaining_fee': 1664.7936, 'paid_fee': 0, 'executed_funds': 0, 'trade_timestamp': None, 'order_timestamp': 1731456179735, 'timestamp': 1731456179862, 'stream_type': 'REALTIME'}
[09:02:59.892][22]bit22222222222222222 매수대기 (C0112000000405942379),{'type': 'myOrder', 'code': 'KRW-EOS', 'uuid': 'C0112000000405942379', 'ask_bid': 'BID', 'order_type': 'limit', 'state': 'wait', 'trade_uuid': None, 'price': 818, 'volume': 814.08, 'remaining_volume': 814.08, 'executed_volume': 0, 'trades_count': 0, 'reserved_fee': 1664.7936, 'remaining_fee': 1664.7936, 'paid_fee': 0, 'executed_funds': 0, 'trade_timestamp': None, 'order_timestamp': 1731456179735, 'timestamp': 1731456179862, 'stream_type': 'REALTIME'}
[09:03:26.901][20]빗썸탈출신청(C0112000000405942369) mode:1, 빗썸매수3까지 내려옴. 매수금액(818.0), 매수2(819.0)
[09:03:26.901][22]빗썸탈출신청(C0112000000405942379) mode:1, 빗썸매수3까지 내려옴. 매수금액(818.0), 매수2(819.0)
[09:03:26.901][21]빗썸탈출신청(C0112000000405942372) mode:1, 빗썸매수3까지 내려옴. 매수금액(818.0), 매수2(819.0)
[09:03:27.233][20]빗썸탈출신청결과(C0112000000405942369) status_code:200 , {'uuid': 'C0112000000405942369', 'side': 'bid', 'ord_type': 'limit', 'price': '818', 'state': 'wait', 'market': 'KRW-EOS', 'created_at': '2024-11-13T09:02:57+09:00', 'volume': '2000', 'remaining_volume': '2000', 'reserved_fee': '4090', 'remaining_fee': '4090', 'paid_fee': '0', 'locked': '1640091', 'executed_volume': '0', 'trades_count': 0}
[09:03:27.296][21]빗썸탈출신청결과(C0112000000405942372) status_code:200 , {'uuid': 'C0112000000405942372', 'side': 'bid', 'ord_type': 'limit', 'price': '818', 'state': 'wait', 'market': 'KRW-EOS', 'created_at': '2024-11-13T09:02:58+09:00', 'volume': '2000', 'remaining_volume': '2000', 'reserved_fee': '4090', 'remaining_fee': '4090', 'paid_fee': '0', 'locked': '1640091', 'executed_volume': '0', 'trades_count': 0}
[09:03:27.297][20][bit](BID) 주문상태:cancel, {'type': 'myOrder', 'code': 'KRW-EOS', 'uuid': 'C0112000000405942369', 'ask_bid': 'BID', 'order_type': 'limit', 'state': 'cancel', 'trade_uuid': None, 'price': 818, 'volume': 2000, 'remaining_volume': 2000, 'executed_volume': 0, 'trades_count': 0, 'reserved_fee': 4090, 'remaining_fee': 4090, 'paid_fee': 0, 'executed_funds': 0, 'trade_timestamp': None, 'order_timestamp': 1731456177805, 'timestamp': 1731456207266, 'stream_type': 'REALTIME'}[09:03:27.299][22]빗썸탈출신청결과(C0112000000405942379) status_code:200 , {'uuid': 'C0112000000405942379', 'side': 'bid', 'ord_type': 'limit', 'price': '818', 'state': 'wait', 'market': 'KRW-EOS', 'created_at': '2024-11-13T09:02:59+09:00', 'volume': '814.08', 'remaining_volume': '814.08', 'reserved_fee': '1664.7936', 'remaining_fee': '1664.7936', 'paid_fee': '0', 'locked': '667583.2336', 'executed_volume': '0', 'trades_count': 0}

[09:03:27.299][20]bit33333333333333333 매수취소(C0112000000405942369), {'type': 'myOrder', 'code': 'KRW-EOS', 'uuid': 'C0112000000405942369', 'ask_bid': 'BID', 'order_type': 'limit', 'state': 'cancel', 'trade_uuid': None, 'price': 818, 'volume': 2000, 'remaining_volume': 2000, 'executed_volume': 0, 'trades_count': 0, 'reserved_fee': 4090, 'remaining_fee': 4090, 'paid_fee': 0, 'executed_funds': 0, 'trade_timestamp': None, 'order_timestamp': 1731456177805, 'timestamp': 1731456207266, 'stream_type': 'REALTIME'}
[09:03:27.299][20]bit 4444444444444 쓰레드 정리 isclear isClear(C0112000000405942369), 남은양:2000.0, {'type': 'myOrder', 'code': 'KRW-EOS', 'uuid': 'C0112000000405942369', 'ask_bid': 'BID', 'order_type': 'limit', 'state': 'cancel', 'trade_uuid': None, 'price': 818, 'volume': 2000, 'remaining_volume': 2000, 'executed_volume': 0, 'trades_count': 0, 'reserved_fee': 4090, 'remaining_fee': 4090, 'paid_fee': 0, 'executed_funds': 0, 'trade_timestamp': None, 'order_timestamp': 1731456177805, 'timestamp': 1731456207266, 'stream_type': 'REALTIME'}
[09:03:27.301][MyApi]stop_threads 시작 C0112000000405942369
[09:03:27.304]빗썸 [20][MyApi]쓰레드 종료
[09:03:27.304][20] 666666666666666 [MyApi]stop_threads 종료 C0112000000405942369
[09:03:27.332][21][bit](BID) 주문상태:cancel, {'type': 'myOrder', 'code': 'KRW-EOS', 'uuid': 'C0112000000405942372', 'ask_bid': 'BID', 'order_type': 'limit', 'state': 'cancel', 'trade_uuid': None, 'price': 818, 'volume': 2000, 'remaining_volume': 2000, 'executed_volume': 0, 'trades_count': 0, 'reserved_fee': 4090, 'remaining_fee': 4090, 'paid_fee': 0, 'executed_funds': 0, 'trade_timestamp': None, 'order_timestamp': 1731456178832, 'timestamp': 1731456207303, 'stream_type': 'REALTIME'}
[09:03:27.332][21]bit33333333333333333 매수취소(C0112000000405942372), {'type': 'myOrder', 'code': 'KRW-EOS', 'uuid': 'C0112000000405942372', 'ask_bid': 'BID', 'order_type': 'limit', 'state': 'cancel', 'trade_uuid': None, 'price': 818, 'volume': 2000, 'remaining_volume': 2000, 'executed_volume': 0, 'trades_count': 0, 'reserved_fee': 4090, 'remaining_fee': 4090, 'paid_fee': 0, 'executed_funds': 0, 'trade_timestamp': None, 'order_timestamp': 1731456178832, 'timestamp': 1731456207303, 'stream_type': 'REALTIME'}
[09:03:27.332][21]bit 4444444444444 쓰레드 정리 isclear isClear(C0112000000405942372), 남은양:2000.0, {'type': 'myOrder', 'code': 'KRW-EOS', 'uuid': 'C0112000000405942372', 'ask_bid': 'BID', 'order_type': 'limit', 'state': 'cancel', 'trade_uuid': None, 'price': 818, 'volume': 2000, 'remaining_volume': 2000, 'executed_volume': 0, 'trades_count': 0, 'reserved_fee': 4090, 'remaining_fee': 4090, 'paid_fee': 0, 'executed_funds': 0, 'trade_timestamp': None, 'order_timestamp': 1731456178832, 'timestamp': 1731456207303, 'stream_type': 'REALTIME'}
[09:03:27.334][MyApi]stop_threads 시작 C0112000000405942372
[09:03:27.334][22]빗썸탈출신청(C0112000000405942379) mode:1, 빗썸매수3까지 내려옴. 매수금액(818.0), 매수2(819.0)
[09:03:27.338]빗썸 [21][MyApi]쓰레드 종료
[09:03:27.338][21] 666666666666666 [MyApi]stop_threads 종료 C0112000000405942372
[09:03:27.385][22][bit](BID) 주문상태:cancel, {'type': 'myOrder', 'code': 'KRW-EOS', 'uuid': 'C0112000000405942379', 'ask_bid': 'BID', 'order_type': 'limit', 'state': 'cancel', 'trade_uuid': None, 'price': 818, 'volume': 814.08, 'remaining_volume': 814.08, 'executed_volume': 0, 'trades_count': 0, 'reserved_fee': 1664.7936, 'remaining_fee': 1664.7936, 'paid_fee': 0, 'executed_funds': 0, 'trade_timestamp': None, 'order_timestamp': 1731456179735, 'timestamp': 1731456207355, 'stream_type': 'REALTIME'}
[09:03:27.385][22]bit33333333333333333 매수취소(C0112000000405942379), {'type': 'myOrder', 'code': 'KRW-EOS', 'uuid': 'C0112000000405942379', 'ask_bid': 'BID', 'order_type': 'limit', 'state': 'cancel', 'trade_uuid': None, 'price': 818, 'volume': 814.08, 'remaining_volume': 814.08, 'executed_volume': 0, 'trades_count': 0, 'reserved_fee': 1664.7936, 'remaining_fee': 1664.7936, 'paid_fee': 0, 'executed_funds': 0, 'trade_timestamp': None, 'order_timestamp': 1731456179735, 'timestamp': 1731456207355, 'stream_type': 'REALTIME'}
[09:03:27.385][22]bit 4444444444444 쓰레드 정리 isclear isClear(C0112000000405942379), 남은양:814.08, {'type': 'myOrder', 'code': 'KRW-EOS', 'uuid': 'C0112000000405942379', 'ask_bid': 'BID', 'order_type': 'limit', 'state': 'cancel', 'trade_uuid': None, 'price': 818, 'volume': 814.08, 'remaining_volume': 814.08, 'executed_volume': 0, 'trades_count': 0, 'reserved_fee': 1664.7936, 'remaining_fee': 1664.7936, 'paid_fee': 0, 'executed_funds': 0, 'trade_timestamp': None, 'order_timestamp': 1731456179735, 'timestamp': 1731456207355, 'stream_type': 'REALTIME'}
[09:03:27.386][MyApi]stop_threads 시작 C0112000000405942379
[09:03:27.540][22]빗썸탈출신청결과(C0112000000405942379) status_code:404 , {'error': {'name': 'order_not_found', 'message': '주문을 찾지 못했습니다.'}}
[09:03:27.543]빗썸 [22][MyApi]쓰레드 종료
[09:03:27.544][22] 666666666666666 [MyApi]stop_threads 종료 C0112000000405942379
[09:03:56.512][23]빗썸1111111111111매수신청 완료(C0112000000405942471), mode:1, result:{'uuid': 'C0112000000405942471', 'side': 'bid', 'ord_type': 'limit', 'price': '818', 'state': 'wait', 'market': 'KRW-EOS', 'created_at': '2024-11-13T09:03:56+09:00', 'volume': '2000', 'remaining_volume': '2000', 'reserved_fee': '4090', 'remaining_fee': '4090', 'paid_fee': '0', 'locked': '1640091', 'executed_volume': '0', 'trades_count': 0}
[09:03:56.590][23][bit](BID) 주문상태:wait, {'type': 'myOrder', 'code': 'KRW-EOS', 'uuid': 'C0112000000405942471', 'ask_bid': 'BID', 'order_type': 'limit', 'state': 'wait', 'trade_uuid': None, 'price': 818, 'volume': 2000, 'remaining_volume': 2000, 'executed_volume': 0, 'trades_count': 0, 'reserved_fee': 4090, 'remaining_fee': 4090, 'paid_fee': 0, 'executed_funds': 0, 'trade_timestamp': None, 'order_timestamp': 1731456236440, 'timestamp': 1731456236558, 'stream_type': 'REALTIME'}
[09:03:56.592][23]bit22222222222222222 매수대기 (C0112000000405942471),{'type': 'myOrder', 'code': 'KRW-EOS', 'uuid': 'C0112000000405942471', 'ask_bid': 'BID', 'order_type': 'limit', 'state': 'wait', 'trade_uuid': None, 'price': 818, 'volume': 2000, 'remaining_volume': 2000, 'executed_volume': 0, 'trades_count': 0, 'reserved_fee': 4090, 'remaining_fee': 4090, 'paid_fee': 0, 'executed_funds': 0, 'trade_timestamp': None, 'order_timestamp': 1731456236440, 'timestamp': 1731456236558, 'stream_type': 'REALTIME'}
[09:03:57.116][23]빗썸탈출신청(C0112000000405942471) mode:1, 빗썸매수3까지 내려옴. 매수금액(818.0), 매수2(819.0)
[09:03:57.455][23]빗썸탈출신청결과(C0112000000405942471) status_code:200 , {'uuid': 'C0112000000405942471', 'side': 'bid', 'ord_type': 'limit', 'price': '818', 'state': 'wait', 'market': 'KRW-EOS', 'created_at': '2024-11-13T09:03:56+09:00', 'volume': '2000', 'remaining_volume': '2000', 'reserved_fee': '4090', 'remaining_fee': '4090', 'paid_fee': '0', 'locked': '1640091', 'executed_volume': '0', 'trades_count': 0}
[09:03:57.535][23][bit](BID) 주문상태:cancel, {'type': 'myOrder', 'code': 'KRW-EOS', 'uuid': 'C0112000000405942471', 'ask_bid': 'BID', 'order_type': 'limit', 'state': 'cancel', 'trade_uuid': None, 'price': 818, 'volume': 2000, 'remaining_volume': 2000, 'executed_volume': 0, 'trades_count': 0, 'reserved_fee': 4090, 'remaining_fee': 4090, 'paid_fee': 0, 'executed_funds': 0, 'trade_timestamp': None, 'order_timestamp': 1731456236440, 'timestamp': 1731456237507, 'stream_type': 'REALTIME'}
[09:03:57.535][23]bit33333333333333333 매수취소(C0112000000405942471), {'type': 'myOrder', 'code': 'KRW-EOS', 'uuid': 'C0112000000405942471', 'ask_bid': 'BID', 'order_type': 'limit', 'state': 'cancel', 'trade_uuid': None, 'price': 818, 'volume': 2000, 'remaining_volume': 2000, 'executed_volume': 0, 'trades_count': 0, 'reserved_fee': 4090, 'remaining_fee': 4090, 'paid_fee': 0, 'executed_funds': 0, 'trade_timestamp': None, 'order_timestamp': 1731456236440, 'timestamp': 1731456237507, 'stream_type': 'REALTIME'}
[09:03:57.535][23]bit 4444444444444 쓰레드 정리 isclear isClear(C0112000000405942471), 남은양:2000.0, {'type': 'myOrder', 'code': 'KRW-EOS', 'uuid': 'C0112000000405942471', 'ask_bid': 'BID', 'order_type': 'limit', 'state': 'cancel', 'trade_uuid': None, 'price': 818, 'volume': 2000, 'remaining_volume': 2000, 'executed_volume': 0, 'trades_count': 0, 'reserved_fee': 4090, 'remaining_fee': 4090, 'paid_fee': 0, 'executed_funds': 0, 'trade_timestamp': None, 'order_timestamp': 1731456236440, 'timestamp': 1731456237507, 'stream_type': 'REALTIME'}
[09:03:57.536][MyApi]stop_threads 시작 C0112000000405942471
[09:03:57.538]빗썸 [23][MyApi]쓰레드 종료
[09:03:57.538][23] 666666666666666 [MyApi]stop_threads 종료 C0112000000405942471
[09:03:58.487][24]빗썸1111111111111매수신청 완료(C0112000000405942480), mode:1, result:{'uuid': 'C0112000000405942480', 'side': 'bid', 'ord_type': 'limit', 'price': '819', 'state': 'wait', 'market': 'KRW-EOS', 'created_at': '2024-11-13T09:03:58+09:00', 'volume': '2000', 'remaining_volume': '2000', 'reserved_fee': '4095', 'remaining_fee': '4095', 'paid_fee': '0', 'locked': '1642096', 'executed_volume': '0', 'trades_count': 0}
[09:03:58.589][24][bit](BID) 주문상태:wait, {'type': 'myOrder', 'code': 'KRW-EOS', 'uuid': 'C0112000000405942480', 'ask_bid': 'BID', 'order_type': 'limit', 'state': 'wait', 'trade_uuid': None, 'price': 819, 'volume': 2000, 'remaining_volume': 2000, 'executed_volume': 0, 'trades_count': 0, 'reserved_fee': 4095, 'remaining_fee': 4095, 'paid_fee': 0, 'executed_funds': 0, 'trade_timestamp': None, 'order_timestamp': 1731456238423, 'timestamp': 1731456238561, 'stream_type': 'REALTIME'}
[09:03:58.591][24]bit22222222222222222 매수대기 (C0112000000405942480),{'type': 'myOrder', 'code': 'KRW-EOS', 'uuid': 'C0112000000405942480', 'ask_bid': 'BID', 'order_type': 'limit', 'state': 'wait', 'trade_uuid': None, 'price': 819, 'volume': 2000, 'remaining_volume': 2000, 'executed_volume': 0, 'trades_count': 0, 'reserved_fee': 4095, 'remaining_fee': 4095, 'paid_fee': 0, 'executed_funds': 0, 'trade_timestamp': None, 'order_timestamp': 1731456238423, 'timestamp': 1731456238561, 'stream_type': 'REALTIME'}
[09:04:10.796][25]빗썸1111111111111매수신청 완료(C0112000000405942500), mode:1, result:{'uuid': 'C0112000000405942500', 'side': 'bid', 'ord_type': 'limit', 'price': '820', 'state': 'wait', 'market': 'KRW-EOS', 'created_at': '2024-11-13T09:04:10+09:00', 'volume': '2000', 'remaining_volume': '2000', 'reserved_fee': '4100', 'remaining_fee': '4100', 'paid_fee': '0', 'locked': '1644101', 'executed_volume': '0', 'trades_count': 0}
[09:04:10.888][25][bit](BID) 주문상태:wait, {'type': 'myOrder', 'code': 'KRW-EOS', 'uuid': 'C0112000000405942500', 'ask_bid': 'BID', 'order_type': 'limit', 'state': 'wait', 'trade_uuid': None, 'price': 820, 'volume': 2000, 'remaining_volume': 2000, 'executed_volume': 0, 'trades_count': 0, 'reserved_fee': 4100, 'remaining_fee': 4100, 'paid_fee': 0, 'executed_funds': 0, 'trade_timestamp': None, 'order_timestamp': 1731456250725, 'timestamp': 1731456250859, 'stream_type': 'REALTIME'}
[09:04:10.889][25]bit22222222222222222 매수대기 (C0112000000405942500),{'type': 'myOrder', 'code': 'KRW-EOS', 'uuid': 'C0112000000405942500', 'ask_bid': 'BID', 'order_type': 'limit', 'state': 'wait', 'trade_uuid': None, 'price': 820, 'volume': 2000, 'remaining_volume': 2000, 'executed_volume': 0, 'trades_count': 0, 'reserved_fee': 4100, 'remaining_fee': 4100, 'paid_fee': 0, 'executed_funds': 0, 'trade_timestamp': None, 'order_timestamp': 1731456250725, 'timestamp': 1731456250859, 'stream_type': 'REALTIME'}
[09:04:11.024][25]빗썸탈출신청(C0112000000405942500) mode:1, 차익 부족0.0(0.492)
[09:04:11.316][25]빗썸탈출신청결과(C0112000000405942500) status_code:200 , {'uuid': 'C0112000000405942500', 'side': 'bid', 'ord_type': 'limit', 'price': '820', 'state': 'wait', 'market': 'KRW-EOS', 'created_at': '2024-11-13T09:04:10+09:00', 'volume': '2000', 'remaining_volume': '2000', 'reserved_fee': '4100', 'remaining_fee': '4100', 'paid_fee': '0', 'locked': '1644101', 'executed_volume': '0', 'trades_count': 0}
[09:04:11.324][25]빗썸탈출신청(C0112000000405942500) mode:1, 차익 부족0.0(0.492)
[09:04:11.402][25][bit](BID) 주문상태:cancel, {'type': 'myOrder', 'code': 'KRW-EOS', 'uuid': 'C0112000000405942500', 'ask_bid': 'BID', 'order_type': 'limit', 'state': 'cancel', 'trade_uuid': None, 'price': 820, 'volume': 2000, 'remaining_volume': 2000, 'executed_volume': 0, 'trades_count': 0, 'reserved_fee': 4100, 'remaining_fee': 4100, 'paid_fee': 0, 'executed_funds': 0, 'trade_timestamp': None, 'order_timestamp': 1731456250725, 'timestamp': 1731456251373, 'stream_type': 'REALTIME'}
[09:04:11.402][25]bit33333333333333333 매수취소(C0112000000405942500), {'type': 'myOrder', 'code': 'KRW-EOS', 'uuid': 'C0112000000405942500', 'ask_bid': 'BID', 'order_type': 'limit', 'state': 'cancel', 'trade_uuid': None, 'price': 820, 'volume': 2000, 'remaining_volume': 2000, 'executed_volume': 0, 'trades_count': 0, 'reserved_fee': 4100, 'remaining_fee': 4100, 'paid_fee': 0, 'executed_funds': 0, 'trade_timestamp': None, 'order_timestamp': 1731456250725, 'timestamp': 1731456251373, 'stream_type': 'REALTIME'}
[09:04:11.402][25]bit 4444444444444 쓰레드 정리 isclear isClear(C0112000000405942500), 남은양:2000.0, {'type': 'myOrder', 'code': 'KRW-EOS', 'uuid': 'C0112000000405942500', 'ask_bid': 'BID', 'order_type': 'limit', 'state': 'cancel', 'trade_uuid': None, 'price': 820, 'volume': 2000, 'remaining_volume': 2000, 'executed_volume': 0, 'trades_count': 0, 'reserved_fee': 4100, 'remaining_fee': 4100, 'paid_fee': 0, 'executed_funds': 0, 'trade_timestamp': None, 'order_timestamp': 1731456250725, 'timestamp': 1731456251373, 'stream_type': 'REALTIME'}
[09:04:11.404][MyApi]stop_threads 시작 C0112000000405942500
[09:04:11.540][25]빗썸탈출신청결과(C0112000000405942500) status_code:404 , {'error': {'name': 'order_not_found', 'message': '주문을 찾지 못했습니다.'}}
[09:04:11.544]빗썸 [25][MyApi]쓰레드 종료
[09:04:11.544][25] 666666666666666 [MyApi]stop_threads 종료 C0112000000405942500
[09:04:12.566][26]빗썸1111111111111매수신청 완료(C0112000000405942508), mode:1, result:{'uuid': 'C0112000000405942508', 'side': 'bid', 'ord_type': 'limit', 'price': '819', 'state': 'wait', 'market': 'KRW-EOS', 'created_at': '2024-11-13T09:04:12+09:00', 'volume': '2000', 'remaining_volume': '2000', 'reserved_fee': '4095', 'remaining_fee': '4095', 'paid_fee': '0', 'locked': '1642096', 'executed_volume': '0', 'trades_count': 0}
[09:04:12.631][26][bit](BID) 주문상태:wait, {'type': 'myOrder', 'code': 'KRW-EOS', 'uuid': 'C0112000000405942508', 'ask_bid': 'BID', 'order_type': 'limit', 'state': 'wait', 'trade_uuid': None, 'price': 819, 'volume': 2000, 'remaining_volume': 2000, 'executed_volume': 0, 'trades_count': 0, 'reserved_fee': 4095, 'remaining_fee': 4095, 'paid_fee': 0, 'executed_funds': 0, 'trade_timestamp': None, 'order_timestamp': 1731456252508, 'timestamp': 1731456252602, 'stream_type': 'REALTIME'}
[09:04:12.632][26]bit22222222222222222 매수대기 (C0112000000405942508),{'type': 'myOrder', 'code': 'KRW-EOS', 'uuid': 'C0112000000405942508', 'ask_bid': 'BID', 'order_type': 'limit', 'state': 'wait', 'trade_uuid': None, 'price': 819, 'volume': 2000, 'remaining_volume': 2000, 'executed_volume': 0, 'trades_count': 0, 'reserved_fee': 4095, 'remaining_fee': 4095, 'paid_fee': 0, 'executed_funds': 0, 'trade_timestamp': None, 'order_timestamp': 1731456252508, 'timestamp': 1731456252602, 'stream_type': 'REALTIME'}
[09:04:13.510][27]빗썸1111111111111매수신청 완료(C0112000000405942510), mode:1, result:{'uuid': 'C0112000000405942510', 'side': 'bid', 'ord_type': 'limit', 'price': '819', 'state': 'wait', 'market': 'KRW-EOS', 'created_at': '2024-11-13T09:04:13+09:00', 'volume': '814.08', 'remaining_volume': '814.08', 'reserved_fee': '1666.8288', 'remaining_fee': '1666.8288', 'paid_fee': '0', 'locked': '668399.3488', 'executed_volume': '0', 'trades_count': 0}
[09:04:13.580][27][bit](BID) 주문상태:wait, {'type': 'myOrder', 'code': 'KRW-EOS', 'uuid': 'C0112000000405942510', 'ask_bid': 'BID', 'order_type': 'limit', 'state': 'wait', 'trade_uuid': None, 'price': 819, 'volume': 814.08, 'remaining_volume': 814.08, 'executed_volume': 0, 'trades_count': 0, 'reserved_fee': 1666.8288, 'remaining_fee': 1666.8288, 'paid_fee': 0, 'executed_funds': 0, 'trade_timestamp': None, 'order_timestamp': 1731456253431, 'timestamp': 1731456253551, 'stream_type': 'REALTIME'}
[09:04:13.582][27]bit22222222222222222 매수대기 (C0112000000405942510),{'type': 'myOrder', 'code': 'KRW-EOS', 'uuid': 'C0112000000405942510', 'ask_bid': 'BID', 'order_type': 'limit', 'state': 'wait', 'trade_uuid': None, 'price': 819, 'volume': 814.08, 'remaining_volume': 814.08, 'executed_volume': 0, 'trades_count': 0, 'reserved_fee': 1666.8288, 'remaining_fee': 1666.8288, 'paid_fee': 0, 'executed_funds': 0, 'trade_timestamp': None, 'order_timestamp': 1731456253431, 'timestamp': 1731456253551, 'stream_type': 'REALTIME'}
[09:04:16.202][27]빗썸탈출신청(C0112000000405942510) mode:1, 빗썸매수3까지 내려옴. 매수금액(819.0), 매수2(820.0)
[09:04:16.203][24]빗썸탈출신청(C0112000000405942480) mode:1, 빗썸매수3까지 내려옴. 매수금액(819.0), 매수2(820.0)
[09:04:16.203][26]빗썸탈출신청(C0112000000405942508) mode:1, 빗썸매수3까지 내려옴. 매수금액(819.0), 매수2(820.0)
[09:04:16.533][27]빗썸탈출신청결과(C0112000000405942510) status_code:200 , {'uuid': 'C0112000000405942510', 'side': 'bid', 'ord_type': 'limit', 'price': '819', 'state': 'wait', 'market': 'KRW-EOS', 'created_at': '2024-11-13T09:04:13+09:00', 'volume': '814.08', 'remaining_volume': '814.08', 'reserved_fee': '1666.8288', 'remaining_fee': '1666.8288', 'paid_fee': '0', 'locked': '668399.3488', 'executed_volume': '0', 'trades_count': 0}
[09:04:16.550][26]빗썸탈출신청결과(C0112000000405942508) status_code:200 , {'uuid': 'C0112000000405942508', 'side': 'bid', 'ord_type': 'limit', 'price': '819', 'state': 'wait', 'market': 'KRW-EOS', 'created_at': '2024-11-13T09:04:12+09:00', 'volume': '2000', 'remaining_volume': '2000', 'reserved_fee': '4095', 'remaining_fee': '4095', 'paid_fee': '0', 'locked': '1642096', 'executed_volume': '0', 'trades_count': 0}
[09:04:16.575][24]빗썸탈출신청결과(C0112000000405942480) status_code:200 , {'uuid': 'C0112000000405942480', 'side': 'bid', 'ord_type': 'limit', 'price': '819', 'state': 'wait', 'market': 'KRW-EOS', 'created_at': '2024-11-13T09:03:58+09:00', 'volume': '2000', 'remaining_volume': '2000', 'reserved_fee': '4095', 'remaining_fee': '4095', 'paid_fee': '0', 'locked': '1642096', 'executed_volume': '0', 'trades_count': 0}
[09:04:16.580][27][bit](BID) 주문상태:cancel, {'type': 'myOrder', 'code': 'KRW-EOS', 'uuid': 'C0112000000405942510', 'ask_bid': 'BID', 'order_type': 'limit', 'state': 'cancel', 'trade_uuid': None, 'price': 819, 'volume': 814.08, 'remaining_volume': 814.08, 'executed_volume': 0, 'trades_count': 0, 'reserved_fee': 1666.8288, 'remaining_fee': 1666.8288, 'paid_fee': 0, 'executed_funds': 0, 'trade_timestamp': None, 'order_timestamp': 1731456253431, 'timestamp': 1731456256551, 'stream_type': 'REALTIME'}
