SELECT * FROM public.member WHERE memid = 1
1
[2024-11-12 00:58:46.088]wsClass,init,ETC,bit
[2024-11-12 00:58:46.088]wsClass,init,ETC,up
[2024-11-12 00:58:46.114]wsClass,connected,ETC,up
[2024-11-12 00:58:46.154]wsClass,connected,ETC,bit
[2024-11-12 00:58:46.186]wsPrivateClass,connected,ETC,bit
[2024-11-12 00:58:46.336]wsPrivateClass,connected,ETC,up
[01:10:34.396][1]빗썸1111111111111매수신청 완료(C0105000000391885377), mode:1, result:{'uuid': 'C0105000000391885377', 'side': 'bid', 'ord_type': 'limit', 'price': '32270', 'state': 'wait', 'market': 'KRW-ETC', 'created_at': '2024-11-12T01:10:34+09:00', 'volume': '25', 'remaining_volume': '25', 'reserved_fee': '2016.875', 'remaining_fee': '2016.875', 'paid_fee': '0', 'locked': '808767.875', 'executed_volume': '0', 'trades_count': 0}
[01:10:34.461][1][bit](BID) 주문상태:wait, {'type': 'myOrder', 'code': 'KRW-ETC', 'uuid': 'C0105000000391885377', 'ask_bid': 'BID', 'order_type': 'limit', 'state': 'wait', 'trade_uuid': None, 'price': 32270, 'volume': 25, 'remaining_volume': 25, 'executed_volume': 0, 'trades_count': 0, 'reserved_fee': 2016.875, 'remaining_fee': 2016.875, 'paid_fee': 0, 'executed_funds': 0, 'trade_timestamp': None, 'order_timestamp': 1731341434303, 'timestamp': 1731341434455, 'stream_type': 'REALTIME'}
[01:10:34.464][1]bit22222222222222222 매수대기 (C0105000000391885377),{'type': 'myOrder', 'code': 'KRW-ETC', 'uuid': 'C0105000000391885377', 'ask_bid': 'BID', 'order_type': 'limit', 'state': 'wait', 'trade_uuid': None, 'price': 32270, 'volume': 25, 'remaining_volume': 25, 'executed_volume': 0, 'trades_count': 0, 'reserved_fee': 2016.875, 'remaining_fee': 2016.875, 'paid_fee': 0, 'executed_funds': 0, 'trade_timestamp': None, 'order_timestamp': 1731341434303, 'timestamp': 1731341434455, 'stream_type': 'REALTIME'}
[01:10:37.622][1]빗썸탈출신청(C0105000000391885377) mode:1, 빗썸매수3까지 내려옴. 매수금액(32270.0), 매수2(32280.0)
[01:10:37.962][1]빗썸탈출신청결과(C0105000000391885377) status_code:200 , {'uuid': 'C0105000000391885377', 'side': 'bid', 'ord_type': 'limit', 'price': '32270', 'state': 'wait', 'market': 'KRW-ETC', 'created_at': '2024-11-12T01:10:34+09:00', 'volume': '25', 'remaining_volume': '25', 'reserved_fee': '2016.875', 'remaining_fee': '2016.875', 'paid_fee': '0', 'locked': '808767.875', 'executed_volume': '0', 'trades_count': 0}
[01:10:37.973][1][bit](BID) 주문상태:cancel, {'type': 'myOrder', 'code': 'KRW-ETC', 'uuid': 'C0105000000391885377', 'ask_bid': 'BID', 'order_type': 'limit', 'state': 'cancel', 'trade_uuid': None, 'price': 32270, 'volume': 25, 'remaining_volume': 25, 'executed_volume': 0, 'trades_count': 0, 'reserved_fee': 2016.875, 'remaining_fee': 2016.875, 'paid_fee': 0, 'executed_funds': 0, 'trade_timestamp': None, 'order_timestamp': 1731341434303, 'timestamp': 1731341437954, 'stream_type': 'REALTIME'}
[01:10:37.973][1]bit33333333333333333 매수취소(C0105000000391885377), {'type': 'myOrder', 'code': 'KRW-ETC', 'uuid': 'C0105000000391885377', 'ask_bid': 'BID', 'order_type': 'limit', 'state': 'cancel', 'trade_uuid': None, 'price': 32270, 'volume': 25, 'remaining_volume': 25, 'executed_volume': 0, 'trades_count': 0, 'reserved_fee': 2016.875, 'remaining_fee': 2016.875, 'paid_fee': 0, 'executed_funds': 0, 'trade_timestamp': None, 'order_timestamp': 1731341434303, 'timestamp': 1731341437954, 'stream_type': 'REALTIME'}
[01:10:37.973][1]bit 4444444444444 쓰레드 정리 isclear isClear(C0105000000391885377), 남은양:25.0, {'type': 'myOrder', 'code': 'KRW-ETC', 'uuid': 'C0105000000391885377', 'ask_bid': 'BID', 'order_type': 'limit', 'state': 'cancel', 'trade_uuid': None, 'price': 32270, 'volume': 25, 'remaining_volume': 25, 'executed_volume': 0, 'trades_count': 0, 'reserved_fee': 2016.875, 'remaining_fee': 2016.875, 'paid_fee': 0, 'executed_funds': 0, 'trade_timestamp': None, 'order_timestamp': 1731341434303, 'timestamp': 1731341437954, 'stream_type': 'REALTIME'}
[01:10:37.976][MyApi]stop_threads 시작 C0105000000391885377
[01:10:37.981]빗썸 [1][MyApi]쓰레드 종료
[01:10:37.981][1] 666666666666666 [MyApi]stop_threads 종료 C0105000000391885377
[01:52:07.872][2]빗썸1111111111111매수신청 완료(C0105000000391897771), mode:1, result:{'uuid': 'C0105000000391897771', 'side': 'bid', 'ord_type': 'limit', 'price': '32490', 'state': 'wait', 'market': 'KRW-ETC', 'created_at': '2024-11-12T01:52:07+09:00', 'volume': '25', 'remaining_volume': '25', 'reserved_fee': '2030.625', 'remaining_fee': '2030.625', 'paid_fee': '0', 'locked': '814281.625', 'executed_volume': '0', 'trades_count': 0}
[01:52:07.931][2][bit](BID) 주문상태:wait, {'type': 'myOrder', 'code': 'KRW-ETC', 'uuid': 'C0105000000391897771', 'ask_bid': 'BID', 'order_type': 'limit', 'state': 'wait', 'trade_uuid': None, 'price': 32490, 'volume': 25, 'remaining_volume': 25, 'executed_volume': 0, 'trades_count': 0, 'reserved_fee': 2030.625, 'remaining_fee': 2030.625, 'paid_fee': 0, 'executed_funds': 0, 'trade_timestamp': None, 'order_timestamp': 1731343927768, 'timestamp': 1731343927923, 'stream_type': 'REALTIME'}
[01:52:07.934][2]bit22222222222222222 매수대기 (C0105000000391897771),{'type': 'myOrder', 'code': 'KRW-ETC', 'uuid': 'C0105000000391897771', 'ask_bid': 'BID', 'order_type': 'limit', 'state': 'wait', 'trade_uuid': None, 'price': 32490, 'volume': 25, 'remaining_volume': 25, 'executed_volume': 0, 'trades_count': 0, 'reserved_fee': 2030.625, 'remaining_fee': 2030.625, 'paid_fee': 0, 'executed_funds': 0, 'trade_timestamp': None, 'order_timestamp': 1731343927768, 'timestamp': 1731343927923, 'stream_type': 'REALTIME'}
[01:52:08.733][3]빗썸1111111111111매수신청 완료(C0105000000391897784), mode:1, result:{'uuid': 'C0105000000391897784', 'side': 'bid', 'ord_type': 'limit', 'price': '32490', 'state': 'wait', 'market': 'KRW-ETC', 'created_at': '2024-11-12T01:52:08+09:00', 'volume': '9.69', 'remaining_volume': '9.69', 'reserved_fee': '787.07025', 'remaining_fee': '787.07025', 'paid_fee': '0', 'locked': '315616.17025', 'executed_volume': '0', 'trades_count': 0}
[01:52:08.767][3][bit](BID) 주문상태:wait, {'type': 'myOrder', 'code': 'KRW-ETC', 'uuid': 'C0105000000391897784', 'ask_bid': 'BID', 'order_type': 'limit', 'state': 'wait', 'trade_uuid': None, 'price': 32490, 'volume': 9.69, 'remaining_volume': 9.69, 'executed_volume': 0, 'trades_count': 0, 'reserved_fee': 787.07025, 'remaining_fee': 787.07025, 'paid_fee': 0, 'executed_funds': 0, 'trade_timestamp': None, 'order_timestamp': 1731343928633, 'timestamp': 1731343928762, 'stream_type': 'REALTIME'}
[01:52:08.768][3]bit22222222222222222 매수대기 (C0105000000391897784),{'type': 'myOrder', 'code': 'KRW-ETC', 'uuid': 'C0105000000391897784', 'ask_bid': 'BID', 'order_type': 'limit', 'state': 'wait', 'trade_uuid': None, 'price': 32490, 'volume': 9.69, 'remaining_volume': 9.69, 'executed_volume': 0, 'trades_count': 0, 'reserved_fee': 787.07025, 'remaining_fee': 787.07025, 'paid_fee': 0, 'executed_funds': 0, 'trade_timestamp': None, 'order_timestamp': 1731343928633, 'timestamp': 1731343928762, 'stream_type': 'REALTIME'}
[01:52:11.057][2]빗썸탈출신청(C0105000000391897771) mode:1, 빗썸매수3까지 내려옴. 매수금액(32490.0), 매수2(32500.0)
[01:52:11.057][3]빗썸탈출신청(C0105000000391897784) mode:1, 빗썸매수3까지 내려옴. 매수금액(32490.0), 매수2(32500.0)
[01:52:11.393][3]빗썸탈출신청결과(C0105000000391897784) status_code:200 , {'uuid': 'C0105000000391897784', 'side': 'bid', 'ord_type': 'limit', 'price': '32490', 'state': 'wait', 'market': 'KRW-ETC', 'created_at': '2024-11-12T01:52:08+09:00', 'volume': '9.69', 'remaining_volume': '9.69', 'reserved_fee': '787.07025', 'remaining_fee': '787.07025', 'paid_fee': '0', 'locked': '315616.17025', 'executed_volume': '0', 'trades_count': 0}
[01:52:11.406][2]빗썸탈출신청결과(C0105000000391897771) status_code:200 , {'uuid': 'C0105000000391897771', 'side': 'bid', 'ord_type': 'limit', 'price': '32490', 'state': 'wait', 'market': 'KRW-ETC', 'created_at': '2024-11-12T01:52:07+09:00', 'volume': '25', 'remaining_volume': '25', 'reserved_fee': '2030.625', 'remaining_fee': '2030.625', 'paid_fee': '0', 'locked': '814281.625', 'executed_volume': '0', 'trades_count': 0}
[01:52:11.415][3][bit](BID) 주문상태:cancel, {'type': 'myOrder', 'code': 'KRW-ETC', 'uuid': 'C0105000000391897784', 'ask_bid': 'BID', 'order_type': 'limit', 'state': 'cancel', 'trade_uuid': None, 'price': 32490, 'volume': 9.69, 'remaining_volume': 9.69, 'executed_volume': 0, 'trades_count': 0, 'reserved_fee': 787.07025, 'remaining_fee': 787.07025, 'paid_fee': 0, 'executed_funds': 0, 'trade_timestamp': None, 'order_timestamp': 1731343928633, 'timestamp': 1731343931408, 'stream_type': 'REALTIME'}
[01:52:11.415][3]bit33333333333333333 매수취소(C0105000000391897784), {'type': 'myOrder', 'code': 'KRW-ETC', 'uuid': 'C0105000000391897784', 'ask_bid': 'BID', 'order_type': 'limit', 'state': 'cancel', 'trade_uuid': None, 'price': 32490, 'volume': 9.69, 'remaining_volume': 9.69, 'executed_volume': 0, 'trades_count': 0, 'reserved_fee': 787.07025, 'remaining_fee': 787.07025, 'paid_fee': 0, 'executed_funds': 0, 'trade_timestamp': None, 'order_timestamp': 1731343928633, 'timestamp': 1731343931408, 'stream_type': 'REALTIME'}
[01:52:11.415][3]bit 4444444444444 쓰레드 정리 isclear isClear(C0105000000391897784), 남은양:9.69, {'type': 'myOrder', 'code': 'KRW-ETC', 'uuid': 'C0105000000391897784', 'ask_bid': 'BID', 'order_type': 'limit', 'state': 'cancel', 'trade_uuid': None, 'price': 32490, 'volume': 9.69, 'remaining_volume': 9.69, 'executed_volume': 0, 'trades_count': 0, 'reserved_fee': 787.07025, 'remaining_fee': 787.07025, 'paid_fee': 0, 'executed_funds': 0, 'trade_timestamp': None, 'order_timestamp': 1731343928633, 'timestamp': 1731343931408, 'stream_type': 'REALTIME'}
[01:52:11.417][MyApi]stop_threads 시작 C0105000000391897784
[01:52:11.417][2]빗썸탈출신청(C0105000000391897771) mode:1, 빗썸매수3까지 내려옴. 매수금액(32490.0), 매수2(32500.0)
[01:52:11.420]빗썸 [3][MyApi]쓰레드 종료
[01:52:11.420][3] 666666666666666 [MyApi]stop_threads 종료 C0105000000391897784
[01:52:11.474][2][bit](BID) 주문상태:cancel, {'type': 'myOrder', 'code': 'KRW-ETC', 'uuid': 'C0105000000391897771', 'ask_bid': 'BID', 'order_type': 'limit', 'state': 'cancel', 'trade_uuid': None, 'price': 32490, 'volume': 25, 'remaining_volume': 25, 'executed_volume': 0, 'trades_count': 0, 'reserved_fee': 2030.625, 'remaining_fee': 2030.625, 'paid_fee': 0, 'executed_funds': 0, 'trade_timestamp': None, 'order_timestamp': 1731343927768, 'timestamp': 1731343931461, 'stream_type': 'REALTIME'}
[01:52:11.474][2]bit33333333333333333 매수취소(C0105000000391897771), {'type': 'myOrder', 'code': 'KRW-ETC', 'uuid': 'C0105000000391897771', 'ask_bid': 'BID', 'order_type': 'limit', 'state': 'cancel', 'trade_uuid': None, 'price': 32490, 'volume': 25, 'remaining_volume': 25, 'executed_volume': 0, 'trades_count': 0, 'reserved_fee': 2030.625, 'remaining_fee': 2030.625, 'paid_fee': 0, 'executed_funds': 0, 'trade_timestamp': None, 'order_timestamp': 1731343927768, 'timestamp': 1731343931461, 'stream_type': 'REALTIME'}
[01:52:11.474][2]bit 4444444444444 쓰레드 정리 isclear isClear(C0105000000391897771), 남은양:25.0, {'type': 'myOrder', 'code': 'KRW-ETC', 'uuid': 'C0105000000391897771', 'ask_bid': 'BID', 'order_type': 'limit', 'state': 'cancel', 'trade_uuid': None, 'price': 32490, 'volume': 25, 'remaining_volume': 25, 'executed_volume': 0, 'trades_count': 0, 'reserved_fee': 2030.625, 'remaining_fee': 2030.625, 'paid_fee': 0, 'executed_funds': 0, 'trade_timestamp': None, 'order_timestamp': 1731343927768, 'timestamp': 1731343931461, 'stream_type': 'REALTIME'}
[01:52:11.476][MyApi]stop_threads 시작 C0105000000391897771
[01:52:11.618][2]빗썸탈출신청결과(C0105000000391897771) status_code:404 , {'error': {'name': 'order_not_found', 'message': '주문을 찾지 못했습니다.'}}
[01:52:11.621]빗썸 [2][MyApi]쓰레드 종료
[01:52:11.622][2] 666666666666666 [MyApi]stop_threads 종료 C0105000000391897771
[01:53:11.348][4]빗썸1111111111111매수신청 완료(C0105000000391898089), mode:1, result:{'uuid': 'C0105000000391898089', 'side': 'bid', 'ord_type': 'limit', 'price': '32480', 'state': 'wait', 'market': 'KRW-ETC', 'created_at': '2024-11-12T01:53:11+09:00', 'volume': '25', 'remaining_volume': '25', 'reserved_fee': '2030', 'remaining_fee': '2030', 'paid_fee': '0', 'locked': '814031', 'executed_volume': '0', 'trades_count': 0}
[01:53:11.373][4][bit](BID) 주문상태:wait, {'type': 'myOrder', 'code': 'KRW-ETC', 'uuid': 'C0105000000391898089', 'ask_bid': 'BID', 'order_type': 'limit', 'state': 'wait', 'trade_uuid': None, 'price': 32480, 'volume': 25, 'remaining_volume': 25, 'executed_volume': 0, 'trades_count': 0, 'reserved_fee': 2030, 'remaining_fee': 2030, 'paid_fee': 0, 'executed_funds': 0, 'trade_timestamp': None, 'order_timestamp': 1731343991255, 'timestamp': 1731343991366, 'stream_type': 'REALTIME'}
[01:53:11.374][4]bit22222222222222222 매수대기 (C0105000000391898089),{'type': 'myOrder', 'code': 'KRW-ETC', 'uuid': 'C0105000000391898089', 'ask_bid': 'BID', 'order_type': 'limit', 'state': 'wait', 'trade_uuid': None, 'price': 32480, 'volume': 25, 'remaining_volume': 25, 'executed_volume': 0, 'trades_count': 0, 'reserved_fee': 2030, 'remaining_fee': 2030, 'paid_fee': 0, 'executed_funds': 0, 'trade_timestamp': None, 'order_timestamp': 1731343991255, 'timestamp': 1731343991366, 'stream_type': 'REALTIME'}
[01:53:11.566][4]빗썸탈출신청(C0105000000391898089) mode:1, 최종적으로 수량 부족으로 탈출. 업빗매수2차익:20.0, BitToUp:22.75, UpToBit:16.254, 남은매수/신청매수:25.0/25.0, buy_amount:7.326e-05, get_total_units:0, up_buy1_amount:7.326e-05, up_buy2_amount:1012.31784106
[01:53:11.861][4][bit](BID) 주문상태:cancel, {'type': 'myOrder', 'code': 'KRW-ETC', 'uuid': 'C0105000000391898089', 'ask_bid': 'BID', 'order_type': 'limit', 'state': 'cancel', 'trade_uuid': None, 'price': 32480, 'volume': 25, 'remaining_volume': 25, 'executed_volume': 0, 'trades_count': 0, 'reserved_fee': 2030, 'remaining_fee': 2030, 'paid_fee': 0, 'executed_funds': 0, 'trade_timestamp': None, 'order_timestamp': 1731343991255, 'timestamp': 1731343991853, 'stream_type': 'REALTIME'}
[01:53:11.861][4]bit33333333333333333 매수취소(C0105000000391898089), {'type': 'myOrder', 'code': 'KRW-ETC', 'uuid': 'C0105000000391898089', 'ask_bid': 'BID', 'order_type': 'limit', 'state': 'cancel', 'trade_uuid': None, 'price': 32480, 'volume': 25, 'remaining_volume': 25, 'executed_volume': 0, 'trades_count': 0, 'reserved_fee': 2030, 'remaining_fee': 2030, 'paid_fee': 0, 'executed_funds': 0, 'trade_timestamp': None, 'order_timestamp': 1731343991255, 'timestamp': 1731343991853, 'stream_type': 'REALTIME'}
[01:53:11.861][4]bit 4444444444444 쓰레드 정리 isclear isClear(C0105000000391898089), 남은양:25.0, {'type': 'myOrder', 'code': 'KRW-ETC', 'uuid': 'C0105000000391898089', 'ask_bid': 'BID', 'order_type': 'limit', 'state': 'cancel', 'trade_uuid': None, 'price': 32480, 'volume': 25, 'remaining_volume': 25, 'executed_volume': 0, 'trades_count': 0, 'reserved_fee': 2030, 'remaining_fee': 2030, 'paid_fee': 0, 'executed_funds': 0, 'trade_timestamp': None, 'order_timestamp': 1731343991255, 'timestamp': 1731343991853, 'stream_type': 'REALTIME'}
[01:53:11.863][MyApi]stop_threads 시작 C0105000000391898089
[01:53:11.869][4]빗썸탈출신청결과(C0105000000391898089) status_code:200 , {'uuid': 'C0105000000391898089', 'side': 'bid', 'ord_type': 'limit', 'price': '32480', 'state': 'wait', 'market': 'KRW-ETC', 'created_at': '2024-11-12T01:53:11+09:00', 'volume': '25', 'remaining_volume': '25', 'reserved_fee': '2030', 'remaining_fee': '2030', 'paid_fee': '0', 'locked': '814031', 'executed_volume': '0', 'trades_count': 0}
[01:53:11.872]빗썸 [4][MyApi]쓰레드 종료
[01:53:11.873][4] 666666666666666 [MyApi]stop_threads 종료 C0105000000391898089
[01:55:27.102][5]빗썸탈출신청(C0105000000391898782) mode:1, 빗썸매수3까지 내려옴. 매수금액(32480.0), 매수2(32490.0)
[01:55:27.103][5]빗썸1111111111111매수신청 완료(C0105000000391898782), mode:1, result:{'uuid': 'C0105000000391898782', 'side': 'bid', 'ord_type': 'limit', 'price': '32480', 'state': 'wait', 'market': 'KRW-ETC', 'created_at': '2024-11-12T01:55:26+09:00', 'volume': '25', 'remaining_volume': '25', 'reserved_fee': '2030', 'remaining_fee': '2030', 'paid_fee': '0', 'locked': '814031', 'executed_volume': '0', 'trades_count': 0}
[01:55:27.161][5][bit](BID) 주문상태:wait, {'type': 'myOrder', 'code': 'KRW-ETC', 'uuid': 'C0105000000391898782', 'ask_bid': 'BID', 'order_type': 'limit', 'state': 'wait', 'trade_uuid': None, 'price': 32480, 'volume': 25, 'remaining_volume': 25, 'executed_volume': 0, 'trades_count': 0, 'reserved_fee': 2030, 'remaining_fee': 2030, 'paid_fee': 0, 'executed_funds': 0, 'trade_timestamp': None, 'order_timestamp': 1731344126994, 'timestamp': 1731344127153, 'stream_type': 'REALTIME'}
[01:55:27.162][5]bit22222222222222222 매수대기 (C0105000000391898782),{'type': 'myOrder', 'code': 'KRW-ETC', 'uuid': 'C0105000000391898782', 'ask_bid': 'BID', 'order_type': 'limit', 'state': 'wait', 'trade_uuid': None, 'price': 32480, 'volume': 25, 'remaining_volume': 25, 'executed_volume': 0, 'trades_count': 0, 'reserved_fee': 2030, 'remaining_fee': 2030, 'paid_fee': 0, 'executed_funds': 0, 'trade_timestamp': None, 'order_timestamp': 1731344126994, 'timestamp': 1731344127153, 'stream_type': 'REALTIME'}
[01:55:27.435][5]빗썸탈출신청결과(C0105000000391898782) status_code:200 , {'uuid': 'C0105000000391898782', 'side': 'bid', 'ord_type': 'limit', 'price': '32480', 'state': 'wait', 'market': 'KRW-ETC', 'created_at': '2024-11-12T01:55:26+09:00', 'volume': '25', 'remaining_volume': '25', 'reserved_fee': '2030', 'remaining_fee': '2030', 'paid_fee': '0', 'locked': '814031', 'executed_volume': '0', 'trades_count': 0}
[01:55:27.458][5][bit](BID) 주문상태:cancel, {'type': 'myOrder', 'code': 'KRW-ETC', 'uuid': 'C0105000000391898782', 'ask_bid': 'BID', 'order_type': 'limit', 'state': 'cancel', 'trade_uuid': None, 'price': 32480, 'volume': 25, 'remaining_volume': 25, 'executed_volume': 0, 'trades_count': 0, 'reserved_fee': 2030, 'remaining_fee': 2030, 'paid_fee': 0, 'executed_funds': 0, 'trade_timestamp': None, 'order_timestamp': 1731344126994, 'timestamp': 1731344127450, 'stream_type': 'REALTIME'}
[01:55:27.458][5]bit33333333333333333 매수취소(C0105000000391898782), {'type': 'myOrder', 'code': 'KRW-ETC', 'uuid': 'C0105000000391898782', 'ask_bid': 'BID', 'order_type': 'limit', 'state': 'cancel', 'trade_uuid': None, 'price': 32480, 'volume': 25, 'remaining_volume': 25, 'executed_volume': 0, 'trades_count': 0, 'reserved_fee': 2030, 'remaining_fee': 2030, 'paid_fee': 0, 'executed_funds': 0, 'trade_timestamp': None, 'order_timestamp': 1731344126994, 'timestamp': 1731344127450, 'stream_type': 'REALTIME'}
[01:55:27.458][5]bit 4444444444444 쓰레드 정리 isclear isClear(C0105000000391898782), 남은양:25.0, {'type': 'myOrder', 'code': 'KRW-ETC', 'uuid': 'C0105000000391898782', 'ask_bid': 'BID', 'order_type': 'limit', 'state': 'cancel', 'trade_uuid': None, 'price': 32480, 'volume': 25, 'remaining_volume': 25, 'executed_volume': 0, 'trades_count': 0, 'reserved_fee': 2030, 'remaining_fee': 2030, 'paid_fee': 0, 'executed_funds': 0, 'trade_timestamp': None, 'order_timestamp': 1731344126994, 'timestamp': 1731344127450, 'stream_type': 'REALTIME'}
[01:55:27.459][MyApi]stop_threads 시작 C0105000000391898782
[01:55:27.461]빗썸 [5][MyApi]쓰레드 종료
[01:55:27.461][5] 666666666666666 [MyApi]stop_threads 종료 C0105000000391898782
[01:55:28.661][6]빗썸탈출신청(C0105000000391898802) mode:1, 빗썸매수3까지 내려옴. 매수금액(32480.0), 매수2(32510.0)
[01:55:28.662][6]빗썸1111111111111매수신청 완료(C0105000000391898802), mode:1, result:{'uuid': 'C0105000000391898802', 'side': 'bid', 'ord_type': 'limit', 'price': '32480', 'state': 'wait', 'market': 'KRW-ETC', 'created_at': '2024-11-12T01:55:28+09:00', 'volume': '25', 'remaining_volume': '25', 'reserved_fee': '2030', 'remaining_fee': '2030', 'paid_fee': '0', 'locked': '814031', 'executed_volume': '0', 'trades_count': 0}
[01:55:28.664][6][bit](BID) 주문상태:wait, {'type': 'myOrder', 'code': 'KRW-ETC', 'uuid': 'C0105000000391898802', 'ask_bid': 'BID', 'order_type': 'limit', 'state': 'wait', 'trade_uuid': None, 'price': 32480, 'volume': 25, 'remaining_volume': 25, 'executed_volume': 0, 'trades_count': 0, 'reserved_fee': 2030, 'remaining_fee': 2030, 'paid_fee': 0, 'executed_funds': 0, 'trade_timestamp': None, 'order_timestamp': 1731344128573, 'timestamp': 1731344128656, 'stream_type': 'REALTIME'}
[01:55:28.666][6]bit22222222222222222 매수대기 (C0105000000391898802),{'type': 'myOrder', 'code': 'KRW-ETC', 'uuid': 'C0105000000391898802', 'ask_bid': 'BID', 'order_type': 'limit', 'state': 'wait', 'trade_uuid': None, 'price': 32480, 'volume': 25, 'remaining_volume': 25, 'executed_volume': 0, 'trades_count': 0, 'reserved_fee': 2030, 'remaining_fee': 2030, 'paid_fee': 0, 'executed_funds': 0, 'trade_timestamp': None, 'order_timestamp': 1731344128573, 'timestamp': 1731344128656, 'stream_type': 'REALTIME'}
[01:55:28.919][6]빗썸탈출신청결과(C0105000000391898802) status_code:200 , {'uuid': 'C0105000000391898802', 'side': 'bid', 'ord_type': 'limit', 'price': '32480', 'state': 'wait', 'market': 'KRW-ETC', 'created_at': '2024-11-12T01:55:28+09:00', 'volume': '25', 'remaining_volume': '25', 'reserved_fee': '2030', 'remaining_fee': '2030', 'paid_fee': '0', 'locked': '814031', 'executed_volume': '0', 'trades_count': 0}
[01:55:28.961][6][bit](BID) 주문상태:cancel, {'type': 'myOrder', 'code': 'KRW-ETC', 'uuid': 'C0105000000391898802', 'ask_bid': 'BID', 'order_type': 'limit', 'state': 'cancel', 'trade_uuid': None, 'price': 32480, 'volume': 25, 'remaining_volume': 25, 'executed_volume': 0, 'trades_count': 0, 'reserved_fee': 2030, 'remaining_fee': 2030, 'paid_fee': 0, 'executed_funds': 0, 'trade_timestamp': None, 'order_timestamp': 1731344128573, 'timestamp': 1731344128954, 'stream_type': 'REALTIME'}
[01:55:28.961][6]bit33333333333333333 매수취소(C0105000000391898802), {'type': 'myOrder', 'code': 'KRW-ETC', 'uuid': 'C0105000000391898802', 'ask_bid': 'BID', 'order_type': 'limit', 'state': 'cancel', 'trade_uuid': None, 'price': 32480, 'volume': 25, 'remaining_volume': 25, 'executed_volume': 0, 'trades_count': 0, 'reserved_fee': 2030, 'remaining_fee': 2030, 'paid_fee': 0, 'executed_funds': 0, 'trade_timestamp': None, 'order_timestamp': 1731344128573, 'timestamp': 1731344128954, 'stream_type': 'REALTIME'}
[01:55:28.961][6]bit 4444444444444 쓰레드 정리 isclear isClear(C0105000000391898802), 남은양:25.0, {'type': 'myOrder', 'code': 'KRW-ETC', 'uuid': 'C0105000000391898802', 'ask_bid': 'BID', 'order_type': 'limit', 'state': 'cancel', 'trade_uuid': None, 'price': 32480, 'volume': 25, 'remaining_volume': 25, 'executed_volume': 0, 'trades_count': 0, 'reserved_fee': 2030, 'remaining_fee': 2030, 'paid_fee': 0, 'executed_funds': 0, 'trade_timestamp': None, 'order_timestamp': 1731344128573, 'timestamp': 1731344128954, 'stream_type': 'REALTIME'}
[01:55:28.963][MyApi]stop_threads 시작 C0105000000391898802
[01:55:28.965]빗썸 [6][MyApi]쓰레드 종료
[01:55:28.965][6] 666666666666666 [MyApi]stop_threads 종료 C0105000000391898802
[01:56:41.219][bit]프로그램으로 신청한게 아닌거 같음. 확인 필요.C0105000000391899137, wait, {'type': 'myOrder', 'code': 'KRW-ETC', 'uuid': 'C0105000000391899137', 'ask_bid': 'BID', 'order_type': 'limit', 'state': 'wait', 'trade_uuid': None, 'price': 32500, 'volume': 25, 'remaining_volume': 25, 'executed_volume': 0, 'trades_count': 0, 'reserved_fee': 2031.25, 'remaining_fee': 2031.25, 'paid_fee': 0, 'executed_funds': 0, 'trade_timestamp': None, 'order_timestamp': 1731344201147, 'timestamp': 1731344201211, 'stream_type': 'REALTIME'}
[01:56:41.233][7]빗썸1111111111111매수신청 완료(C0105000000391899137), mode:1, result:{'uuid': 'C0105000000391899137', 'side': 'bid', 'ord_type': 'limit', 'price': '32500', 'state': 'wait', 'market': 'KRW-ETC', 'created_at': '2024-11-12T01:56:41+09:00', 'volume': '25', 'remaining_volume': '25', 'reserved_fee': '2031.25', 'remaining_fee': '2031.25', 'paid_fee': '0', 'locked': '814532.25', 'executed_volume': '0', 'trades_count': 0}
[01:56:41.475][7]빗썸탈출신청(C0105000000391899137) mode:1, 빗썸매수3까지 내려옴. 매수금액(32500.0), 매수2(32510.0)
[01:56:41.805][7]빗썸탈출신청결과(C0105000000391899137) status_code:200 , {'uuid': 'C0105000000391899137', 'side': 'bid', 'ord_type': 'limit', 'price': '32500', 'state': 'wait', 'market': 'KRW-ETC', 'created_at': '2024-11-12T01:56:41+09:00', 'volume': '25', 'remaining_volume': '25', 'reserved_fee': '2031.25', 'remaining_fee': '2031.25', 'paid_fee': '0', 'locked': '814532.25', 'executed_volume': '0', 'trades_count': 0}
[01:56:41.815][7][bit](BID) 주문상태:cancel, {'type': 'myOrder', 'code': 'KRW-ETC', 'uuid': 'C0105000000391899137', 'ask_bid': 'BID', 'order_type': 'limit', 'state': 'cancel', 'trade_uuid': None, 'price': 32500, 'volume': 25, 'remaining_volume': 25, 'executed_volume': 0, 'trades_count': 0, 'reserved_fee': 2031.25, 'remaining_fee': 2031.25, 'paid_fee': 0, 'executed_funds': 0, 'trade_timestamp': None, 'order_timestamp': 1731344201147, 'timestamp': 1731344201807, 'stream_type': 'REALTIME'}
[01:56:41.815][7]bit33333333333333333 매수취소(C0105000000391899137), {'type': 'myOrder', 'code': 'KRW-ETC', 'uuid': 'C0105000000391899137', 'ask_bid': 'BID', 'order_type': 'limit', 'state': 'cancel', 'trade_uuid': None, 'price': 32500, 'volume': 25, 'remaining_volume': 25, 'executed_volume': 0, 'trades_count': 0, 'reserved_fee': 2031.25, 'remaining_fee': 2031.25, 'paid_fee': 0, 'executed_funds': 0, 'trade_timestamp': None, 'order_timestamp': 1731344201147, 'timestamp': 1731344201807, 'stream_type': 'REALTIME'}
[01:56:41.815][7]bit 4444444444444 쓰레드 정리 isclear isClear(C0105000000391899137), 남은양:25.0, {'type': 'myOrder', 'code': 'KRW-ETC', 'uuid': 'C0105000000391899137', 'ask_bid': 'BID', 'order_type': 'limit', 'state': 'cancel', 'trade_uuid': None, 'price': 32500, 'volume': 25, 'remaining_volume': 25, 'executed_volume': 0, 'trades_count': 0, 'reserved_fee': 2031.25, 'remaining_fee': 2031.25, 'paid_fee': 0, 'executed_funds': 0, 'trade_timestamp': None, 'order_timestamp': 1731344201147, 'timestamp': 1731344201807, 'stream_type': 'REALTIME'}
[01:56:41.816][MyApi]stop_threads 시작 C0105000000391899137
[01:56:41.818]빗썸 [7][MyApi]쓰레드 종료
[01:56:41.819][7] 666666666666666 [MyApi]stop_threads 종료 C0105000000391899137
[01:56:43.947][8]빗썸탈출신청(C0105000000391899161) mode:1, 차익 부족20.0(22.743)
[01:56:43.949][8]빗썸1111111111111매수신청 완료(C0105000000391899161), mode:1, result:{'uuid': 'C0105000000391899161', 'side': 'bid', 'ord_type': 'limit', 'price': '32490', 'state': 'wait', 'market': 'KRW-ETC', 'created_at': '2024-11-12T01:56:43+09:00', 'volume': '25', 'remaining_volume': '25', 'reserved_fee': '2030.625', 'remaining_fee': '2030.625', 'paid_fee': '0', 'locked': '814281.625', 'executed_volume': '0', 'trades_count': 0}
[01:56:43.958][8][bit](BID) 주문상태:wait, {'type': 'myOrder', 'code': 'KRW-ETC', 'uuid': 'C0105000000391899161', 'ask_bid': 'BID', 'order_type': 'limit', 'state': 'wait', 'trade_uuid': None, 'price': 32490, 'volume': 25, 'remaining_volume': 25, 'executed_volume': 0, 'trades_count': 0, 'reserved_fee': 2030.625, 'remaining_fee': 2030.625, 'paid_fee': 0, 'executed_funds': 0, 'trade_timestamp': None, 'order_timestamp': 1731344203857, 'timestamp': 1731344203951, 'stream_type': 'REALTIME'}
[01:56:43.963][8]bit22222222222222222 매수대기 (C0105000000391899161),{'type': 'myOrder', 'code': 'KRW-ETC', 'uuid': 'C0105000000391899161', 'ask_bid': 'BID', 'order_type': 'limit', 'state': 'wait', 'trade_uuid': None, 'price': 32490, 'volume': 25, 'remaining_volume': 25, 'executed_volume': 0, 'trades_count': 0, 'reserved_fee': 2030.625, 'remaining_fee': 2030.625, 'paid_fee': 0, 'executed_funds': 0, 'trade_timestamp': None, 'order_timestamp': 1731344203857, 'timestamp': 1731344203951, 'stream_type': 'REALTIME'}
[01:56:44.285][8]빗썸탈출신청결과(C0105000000391899161) status_code:200 , {'uuid': 'C0105000000391899161', 'side': 'bid', 'ord_type': 'limit', 'price': '32490', 'state': 'wait', 'market': 'KRW-ETC', 'created_at': '2024-11-12T01:56:43+09:00', 'volume': '25', 'remaining_volume': '25', 'reserved_fee': '2030.625', 'remaining_fee': '2030.625', 'paid_fee': '0', 'locked': '814281.625', 'executed_volume': '0', 'trades_count': 0}
[01:56:44.332][8][bit](BID) 주문상태:cancel, {'type': 'myOrder', 'code': 'KRW-ETC', 'uuid': 'C0105000000391899161', 'ask_bid': 'BID', 'order_type': 'limit', 'state': 'cancel', 'trade_uuid': None, 'price': 32490, 'volume': 25, 'remaining_volume': 25, 'executed_volume': 0, 'trades_count': 0, 'reserved_fee': 2030.625, 'remaining_fee': 2030.625, 'paid_fee': 0, 'executed_funds': 0, 'trade_timestamp': None, 'order_timestamp': 1731344203857, 'timestamp': 1731344204317, 'stream_type': 'REALTIME'}
[01:56:44.332][8]bit33333333333333333 매수취소(C0105000000391899161), {'type': 'myOrder', 'code': 'KRW-ETC', 'uuid': 'C0105000000391899161', 'ask_bid': 'BID', 'order_type': 'limit', 'state': 'cancel', 'trade_uuid': None, 'price': 32490, 'volume': 25, 'remaining_volume': 25, 'executed_volume': 0, 'trades_count': 0, 'reserved_fee': 2030.625, 'remaining_fee': 2030.625, 'paid_fee': 0, 'executed_funds': 0, 'trade_timestamp': None, 'order_timestamp': 1731344203857, 'timestamp': 1731344204317, 'stream_type': 'REALTIME'}
[01:56:44.332][8]bit 4444444444444 쓰레드 정리 isclear isClear(C0105000000391899161), 남은양:25.0, {'type': 'myOrder', 'code': 'KRW-ETC', 'uuid': 'C0105000000391899161', 'ask_bid': 'BID', 'order_type': 'limit', 'state': 'cancel', 'trade_uuid': None, 'price': 32490, 'volume': 25, 'remaining_volume': 25, 'executed_volume': 0, 'trades_count': 0, 'reserved_fee': 2030.625, 'remaining_fee': 2030.625, 'paid_fee': 0, 'executed_funds': 0, 'trade_timestamp': None, 'order_timestamp': 1731344203857, 'timestamp': 1731344204317, 'stream_type': 'REALTIME'}
[01:56:44.334][MyApi]stop_threads 시작 C0105000000391899161
[01:56:44.340]빗썸 [8][MyApi]쓰레드 종료
[01:56:44.340][8] 666666666666666 [MyApi]stop_threads 종료 C0105000000391899161
[01:56:46.626][9]빗썸1111111111111매수신청 완료(C0105000000391899184), mode:1, result:{'uuid': 'C0105000000391899184', 'side': 'bid', 'ord_type': 'limit', 'price': '32470', 'state': 'wait', 'market': 'KRW-ETC', 'created_at': '2024-11-12T01:56:46+09:00', 'volume': '25', 'remaining_volume': '25', 'reserved_fee': '2029.375', 'remaining_fee': '2029.375', 'paid_fee': '0', 'locked': '813780.375', 'executed_volume': '0', 'trades_count': 0}
[01:56:46.708][9][bit](BID) 주문상태:wait, {'type': 'myOrder', 'code': 'KRW-ETC', 'uuid': 'C0105000000391899184', 'ask_bid': 'BID', 'order_type': 'limit', 'state': 'wait', 'trade_uuid': None, 'price': 32470, 'volume': 25, 'remaining_volume': 25, 'executed_volume': 0, 'trades_count': 0, 'reserved_fee': 2029.375, 'remaining_fee': 2029.375, 'paid_fee': 0, 'executed_funds': 0, 'trade_timestamp': None, 'order_timestamp': 1731344206558, 'timestamp': 1731344206702, 'stream_type': 'REALTIME'}
[01:56:46.710][9]bit22222222222222222 매수대기 (C0105000000391899184),{'type': 'myOrder', 'code': 'KRW-ETC', 'uuid': 'C0105000000391899184', 'ask_bid': 'BID', 'order_type': 'limit', 'state': 'wait', 'trade_uuid': None, 'price': 32470, 'volume': 25, 'remaining_volume': 25, 'executed_volume': 0, 'trades_count': 0, 'reserved_fee': 2029.375, 'remaining_fee': 2029.375, 'paid_fee': 0, 'executed_funds': 0, 'trade_timestamp': None, 'order_timestamp': 1731344206558, 'timestamp': 1731344206702, 'stream_type': 'REALTIME'}
[01:56:46.811][9]빗썸탈출신청(C0105000000391899184) mode:1, 빗썸매수3까지 내려옴. 매수금액(32470.0), 매수2(32480.0)
[01:56:47.068][9]빗썸탈출신청결과(C0105000000391899184) status_code:200 , {'uuid': 'C0105000000391899184', 'side': 'bid', 'ord_type': 'limit', 'price': '32470', 'state': 'wait', 'market': 'KRW-ETC', 'created_at': '2024-11-12T01:56:46+09:00', 'volume': '25', 'remaining_volume': '25', 'reserved_fee': '2029.375', 'remaining_fee': '2029.375', 'paid_fee': '0', 'locked': '813780.375', 'executed_volume': '0', 'trades_count': 0}
[01:56:47.114][9][bit](BID) 주문상태:cancel, {'type': 'myOrder', 'code': 'KRW-ETC', 'uuid': 'C0105000000391899184', 'ask_bid': 'BID', 'order_type': 'limit', 'state': 'cancel', 'trade_uuid': None, 'price': 32470, 'volume': 25, 'remaining_volume': 25, 'executed_volume': 0, 'trades_count': 0, 'reserved_fee': 2029.375, 'remaining_fee': 2029.375, 'paid_fee': 0, 'executed_funds': 0, 'trade_timestamp': None, 'order_timestamp': 1731344206558, 'timestamp': 1731344207106, 'stream_type': 'REALTIME'}
[01:56:47.114][9]bit33333333333333333 매수취소(C0105000000391899184), {'type': 'myOrder', 'code': 'KRW-ETC', 'uuid': 'C0105000000391899184', 'ask_bid': 'BID', 'order_type': 'limit', 'state': 'cancel', 'trade_uuid': None, 'price': 32470, 'volume': 25, 'remaining_volume': 25, 'executed_volume': 0, 'trades_count': 0, 'reserved_fee': 2029.375, 'remaining_fee': 2029.375, 'paid_fee': 0, 'executed_funds': 0, 'trade_timestamp': None, 'order_timestamp': 1731344206558, 'timestamp': 1731344207106, 'stream_type': 'REALTIME'}
[01:56:47.114][9]bit 4444444444444 쓰레드 정리 isclear isClear(C0105000000391899184), 남은양:25.0, {'type': 'myOrder', 'code': 'KRW-ETC', 'uuid': 'C0105000000391899184', 'ask_bid': 'BID', 'order_type': 'limit', 'state': 'cancel', 'trade_uuid': None, 'price': 32470, 'volume': 25, 'remaining_volume': 25, 'executed_volume': 0, 'trades_count': 0, 'reserved_fee': 2029.375, 'remaining_fee': 2029.375, 'paid_fee': 0, 'executed_funds': 0, 'trade_timestamp': None, 'order_timestamp': 1731344206558, 'timestamp': 1731344207106, 'stream_type': 'REALTIME'}
[01:56:47.116][MyApi]stop_threads 시작 C0105000000391899184
[01:56:47.123]빗썸 [9][MyApi]쓰레드 종료
[01:56:47.123][9] 666666666666666 [MyApi]stop_threads 종료 C0105000000391899184
[01:57:09.787][10]빗썸1111111111111매수신청 완료(C0105000000391899277), mode:1, result:{'uuid': 'C0105000000391899277', 'side': 'bid', 'ord_type': 'limit', 'price': '32470', 'state': 'wait', 'market': 'KRW-ETC', 'created_at': '2024-11-12T01:57:09+09:00', 'volume': '25', 'remaining_volume': '25', 'reserved_fee': '2029.375', 'remaining_fee': '2029.375', 'paid_fee': '0', 'locked': '813780.375', 'executed_volume': '0', 'trades_count': 0}
[01:57:09.811][10][bit](BID) 주문상태:wait, {'type': 'myOrder', 'code': 'KRW-ETC', 'uuid': 'C0105000000391899277', 'ask_bid': 'BID', 'order_type': 'limit', 'state': 'wait', 'trade_uuid': None, 'price': 32470, 'volume': 25, 'remaining_volume': 25, 'executed_volume': 0, 'trades_count': 0, 'reserved_fee': 2029.375, 'remaining_fee': 2029.375, 'paid_fee': 0, 'executed_funds': 0, 'trade_timestamp': None, 'order_timestamp': 1731344229714, 'timestamp': 1731344229803, 'stream_type': 'REALTIME'}
[01:57:09.812][10]bit22222222222222222 매수대기 (C0105000000391899277),{'type': 'myOrder', 'code': 'KRW-ETC', 'uuid': 'C0105000000391899277', 'ask_bid': 'BID', 'order_type': 'limit', 'state': 'wait', 'trade_uuid': None, 'price': 32470, 'volume': 25, 'remaining_volume': 25, 'executed_volume': 0, 'trades_count': 0, 'reserved_fee': 2029.375, 'remaining_fee': 2029.375, 'paid_fee': 0, 'executed_funds': 0, 'trade_timestamp': None, 'order_timestamp': 1731344229714, 'timestamp': 1731344229803, 'stream_type': 'REALTIME'}
[01:57:11.367][bit]프로그램으로 신청한게 아닌거 같음. 확인 필요.C0105000000391899306, wait, {'type': 'myOrder', 'code': 'KRW-ETC', 'uuid': 'C0105000000391899306', 'ask_bid': 'BID', 'order_type': 'limit', 'state': 'wait', 'trade_uuid': None, 'price': 32470, 'volume': 9.69, 'remaining_volume': 9.69, 'executed_volume': 0, 'trades_count': 0, 'reserved_fee': 786.58575, 'remaining_fee': 786.58575, 'paid_fee': 0, 'executed_funds': 0, 'trade_timestamp': None, 'order_timestamp': 1731344231257, 'timestamp': 1731344231360, 'stream_type': 'REALTIME'}
[01:57:11.389][11]빗썸1111111111111매수신청 완료(C0105000000391899306), mode:1, result:{'uuid': 'C0105000000391899306', 'side': 'bid', 'ord_type': 'limit', 'price': '32470', 'state': 'wait', 'market': 'KRW-ETC', 'created_at': '2024-11-12T01:57:11+09:00', 'volume': '9.69', 'remaining_volume': '9.69', 'reserved_fee': '786.58575', 'remaining_fee': '786.58575', 'paid_fee': '0', 'locked': '315421.88575', 'executed_volume': '0', 'trades_count': 0}
[01:57:13.300][11]빗썸탈출신청(C0105000000391899306) mode:1, 빗썸매수3까지 내려옴. 매수금액(32470.0), 매수2(32480.0)
[01:57:13.300][10]빗썸탈출신청(C0105000000391899277) mode:1, 빗썸매수3까지 내려옴. 매수금액(32470.0), 매수2(32480.0)
[01:57:13.576][11]빗썸탈출신청결과(C0105000000391899306) status_code:200 , {'uuid': 'C0105000000391899306', 'side': 'bid', 'ord_type': 'limit', 'price': '32470', 'state': 'wait', 'market': 'KRW-ETC', 'created_at': '2024-11-12T01:57:11+09:00', 'volume': '9.69', 'remaining_volume': '9.69', 'reserved_fee': '786.58575', 'remaining_fee': '786.58575', 'paid_fee': '0', 'locked': '315421.88575', 'executed_volume': '0', 'trades_count': 0}
[01:57:13.591][10]빗썸탈출신청결과(C0105000000391899277) status_code:200 , {'uuid': 'C0105000000391899277', 'side': 'bid', 'ord_type': 'limit', 'price': '32470', 'state': 'wait', 'market': 'KRW-ETC', 'created_at': '2024-11-12T01:57:09+09:00', 'volume': '25', 'remaining_volume': '25', 'reserved_fee': '2029.375', 'remaining_fee': '2029.375', 'paid_fee': '0', 'locked': '813780.375', 'executed_volume': '0', 'trades_count': 0}
[01:57:13.616][11][bit](BID) 주문상태:cancel, {'type': 'myOrder', 'code': 'KRW-ETC', 'uuid': 'C0105000000391899306', 'ask_bid': 'BID', 'order_type': 'limit', 'state': 'cancel', 'trade_uuid': None, 'price': 32470, 'volume': 9.69, 'remaining_volume': 9.69, 'executed_volume': 0, 'trades_count': 0, 'reserved_fee': 786.58575, 'remaining_fee': 786.58575, 'paid_fee': 0, 'executed_funds': 0, 'trade_timestamp': None, 'order_timestamp': 1731344231257, 'timestamp': 1731344233609, 'stream_type': 'REALTIME'}
[01:57:13.617][11]bit33333333333333333 매수취소(C0105000000391899306), {'type': 'myOrder', 'code': 'KRW-ETC', 'uuid': 'C0105000000391899306', 'ask_bid': 'BID', 'order_type': 'limit', 'state': 'cancel', 'trade_uuid': None, 'price': 32470, 'volume': 9.69, 'remaining_volume': 9.69, 'executed_volume': 0, 'trades_count': 0, 'reserved_fee': 786.58575, 'remaining_fee': 786.58575, 'paid_fee': 0, 'executed_funds': 0, 'trade_timestamp': None, 'order_timestamp': 1731344231257, 'timestamp': 1731344233609, 'stream_type': 'REALTIME'}
[01:57:13.617][11]bit 4444444444444 쓰레드 정리 isclear isClear(C0105000000391899306), 남은양:9.69, {'type': 'myOrder', 'code': 'KRW-ETC', 'uuid': 'C0105000000391899306', 'ask_bid': 'BID', 'order_type': 'limit', 'state': 'cancel', 'trade_uuid': None, 'price': 32470, 'volume': 9.69, 'remaining_volume': 9.69, 'executed_volume': 0, 'trades_count': 0, 'reserved_fee': 786.58575, 'remaining_fee': 786.58575, 'paid_fee': 0, 'executed_funds': 0, 'trade_timestamp': None, 'order_timestamp': 1731344231257, 'timestamp': 1731344233609, 'stream_type': 'REALTIME'}
[01:57:13.618][MyApi]stop_threads 시작 C0105000000391899306
[01:57:13.620]빗썸 [11][MyApi]쓰레드 종료
[01:57:13.620][11] 666666666666666 [MyApi]stop_threads 종료 C0105000000391899306
[01:57:13.674][10][bit](BID) 주문상태:cancel, {'type': 'myOrder', 'code': 'KRW-ETC', 'uuid': 'C0105000000391899277', 'ask_bid': 'BID', 'order_type': 'limit', 'state': 'cancel', 'trade_uuid': None, 'price': 32470, 'volume': 25, 'remaining_volume': 25, 'executed_volume': 0, 'trades_count': 0, 'reserved_fee': 2029.375, 'remaining_fee': 2029.375, 'paid_fee': 0, 'executed_funds': 0, 'trade_timestamp': None, 'order_timestamp': 1731344229714, 'timestamp': 1731344233667, 'stream_type': 'REALTIME'}
[01:57:13.674][10]bit33333333333333333 매수취소(C0105000000391899277), {'type': 'myOrder', 'code': 'KRW-ETC', 'uuid': 'C0105000000391899277', 'ask_bid': 'BID', 'order_type': 'limit', 'state': 'cancel', 'trade_uuid': None, 'price': 32470, 'volume': 25, 'remaining_volume': 25, 'executed_volume': 0, 'trades_count': 0, 'reserved_fee': 2029.375, 'remaining_fee': 2029.375, 'paid_fee': 0, 'executed_funds': 0, 'trade_timestamp': None, 'order_timestamp': 1731344229714, 'timestamp': 1731344233667, 'stream_type': 'REALTIME'}
[01:57:13.674][10]bit 4444444444444 쓰레드 정리 isclear isClear(C0105000000391899277), 남은양:25.0, {'type': 'myOrder', 'code': 'KRW-ETC', 'uuid': 'C0105000000391899277', 'ask_bid': 'BID', 'order_type': 'limit', 'state': 'cancel', 'trade_uuid': None, 'price': 32470, 'volume': 25, 'remaining_volume': 25, 'executed_volume': 0, 'trades_count': 0, 'reserved_fee': 2029.375, 'remaining_fee': 2029.375, 'paid_fee': 0, 'executed_funds': 0, 'trade_timestamp': None, 'order_timestamp': 1731344229714, 'timestamp': 1731344233667, 'stream_type': 'REALTIME'}
[01:57:13.675][MyApi]stop_threads 시작 C0105000000391899277
[01:57:13.678]빗썸 [10][MyApi]쓰레드 종료
[01:57:13.678][10] 666666666666666 [MyApi]stop_threads 종료 C0105000000391899277
[01:57:17.950][12]빗썸1111111111111매수신청 완료(C0105000000391899350), mode:1, result:{'uuid': 'C0105000000391899350', 'side': 'bid', 'ord_type': 'limit', 'price': '32470', 'state': 'wait', 'market': 'KRW-ETC', 'created_at': '2024-11-12T01:57:17+09:00', 'volume': '25', 'remaining_volume': '25', 'reserved_fee': '2029.375', 'remaining_fee': '2029.375', 'paid_fee': '0', 'locked': '813780.375', 'executed_volume': '0', 'trades_count': 0}
[01:57:18.015][12][bit](BID) 주문상태:wait, {'type': 'myOrder', 'code': 'KRW-ETC', 'uuid': 'C0105000000391899350', 'ask_bid': 'BID', 'order_type': 'limit', 'state': 'wait', 'trade_uuid': None, 'price': 32470, 'volume': 25, 'remaining_volume': 25, 'executed_volume': 0, 'trades_count': 0, 'reserved_fee': 2029.375, 'remaining_fee': 2029.375, 'paid_fee': 0, 'executed_funds': 0, 'trade_timestamp': None, 'order_timestamp': 1731344237873, 'timestamp': 1731344238005, 'stream_type': 'REALTIME'}
[01:57:18.016][12]bit22222222222222222 매수대기 (C0105000000391899350),{'type': 'myOrder', 'code': 'KRW-ETC', 'uuid': 'C0105000000391899350', 'ask_bid': 'BID', 'order_type': 'limit', 'state': 'wait', 'trade_uuid': None, 'price': 32470, 'volume': 25, 'remaining_volume': 25, 'executed_volume': 0, 'trades_count': 0, 'reserved_fee': 2029.375, 'remaining_fee': 2029.375, 'paid_fee': 0, 'executed_funds': 0, 'trade_timestamp': None, 'order_timestamp': 1731344237873, 'timestamp': 1731344238005, 'stream_type': 'REALTIME'}
[01:57:18.813][13]빗썸1111111111111매수신청 완료(C0105000000391899357), mode:1, result:{'uuid': 'C0105000000391899357', 'side': 'bid', 'ord_type': 'limit', 'price': '32470', 'state': 'wait', 'market': 'KRW-ETC', 'created_at': '2024-11-12T01:57:18+09:00', 'volume': '9.69', 'remaining_volume': '9.69', 'reserved_fee': '786.58575', 'remaining_fee': '786.58575', 'paid_fee': '0', 'locked': '315421.88575', 'executed_volume': '0', 'trades_count': 0}
[01:57:18.869][13][bit](BID) 주문상태:wait, {'type': 'myOrder', 'code': 'KRW-ETC', 'uuid': 'C0105000000391899357', 'ask_bid': 'BID', 'order_type': 'limit', 'state': 'wait', 'trade_uuid': None, 'price': 32470, 'volume': 9.69, 'remaining_volume': 9.69, 'executed_volume': 0, 'trades_count': 0, 'reserved_fee': 786.58575, 'remaining_fee': 786.58575, 'paid_fee': 0, 'executed_funds': 0, 'trade_timestamp': None, 'order_timestamp': 1731344238711, 'timestamp': 1731344238860, 'stream_type': 'REALTIME'}
[01:57:18.872][13]bit22222222222222222 매수대기 (C0105000000391899357),{'type': 'myOrder', 'code': 'KRW-ETC', 'uuid': 'C0105000000391899357', 'ask_bid': 'BID', 'order_type': 'limit', 'state': 'wait', 'trade_uuid': None, 'price': 32470, 'volume': 9.69, 'remaining_volume': 9.69, 'executed_volume': 0, 'trades_count': 0, 'reserved_fee': 786.58575, 'remaining_fee': 786.58575, 'paid_fee': 0, 'executed_funds': 0, 'trade_timestamp': None, 'order_timestamp': 1731344238711, 'timestamp': 1731344238860, 'stream_type': 'REALTIME'}
[01:57:22.863][12][bit](BID) 주문상태:trade, {'type': 'myOrder', 'code': 'KRW-ETC', 'uuid': 'C0105000000391899350', 'ask_bid': 'BID', 'order_type': 'limit', 'state': 'trade', 'trade_uuid': 'C0105000000057360434', 'price': 32470, 'volume': 2.783, 'remaining_volume': 22.217, 'executed_volume': 2.783, 'trades_count': 1, 'reserved_fee': 2029.375, 'remaining_fee': 2029.375, 'paid_fee': 0, 'executed_funds': 90364.01, 'trade_timestamp': 1731344242758, 'order_timestamp': 1731344237873, 'timestamp': 1731344242857, 'stream_type': 'REALTIME'}
[01:57:22.865][12]bit33333333333333333 매수 부분매수(C0105000000391899350), {'type': 'myOrder', 'code': 'KRW-ETC', 'uuid': 'C0105000000391899350', 'ask_bid': 'BID', 'order_type': 'limit', 'state': 'trade', 'trade_uuid': 'C0105000000057360434', 'price': 32470, 'volume': 2.783, 'remaining_volume': 22.217, 'executed_volume': 2.783, 'trades_count': 1, 'reserved_fee': 2029.375, 'remaining_fee': 2029.375, 'paid_fee': 0, 'executed_funds': 90364.01, 'trade_timestamp': 1731344242758, 'order_timestamp': 1731344237873, 'timestamp': 1731344242857, 'stream_type': 'REALTIME'}
[01:57:22.865][12]SellToMarket(up) 시작 (C0105000000391899350),{'type': 'myOrder', 'code': 'KRW-ETC', 'uuid': 'C0105000000391899350', 'ask_bid': 'BID', 'order_type': 'limit', 'state': 'trade', 'trade_uuid': 'C0105000000057360434', 'price': 32470, 'volume': 2.783, 'remaining_volume': 22.217, 'executed_volume': 2.783, 'trades_count': 1, 'reserved_fee': 2029.375, 'remaining_fee': 2029.375, 'paid_fee': 0, 'executed_funds': 90364.01, 'trade_timestamp': 1731344242758, 'order_timestamp': 1731344237873, 'timestamp': 1731344242857, 'stream_type': 'REALTIME'}
[01:57:22.866][12]up매도직전 
[01:57:22.990][12]up매도직후2 result:{'uuid': '2d5c61d8-97f8-4e82-aa5a-c993ea335a9d', 'side': 'ask', 'ord_type': 'market', 'state': 'wait', 'market': 'KRW-ETC', 'created_at': '2024-11-12T01:57:22+09:00', 'volume': '2.783', 'remaining_volume': '2.783', 'reserved_fee': '0', 'remaining_fee': '0', 'paid_fee': '0', 'locked': '2.783', 'executed_volume': '0', 'trades_count': 0} 
[01:57:22.991][12]up 555555555555555 매도신청 완료 (2d5c61d8-97f8-4e82-aa5a-c993ea335a9d),{'uuid': '2d5c61d8-97f8-4e82-aa5a-c993ea335a9d', 'side': 'ask', 'ord_type': 'market', 'state': 'wait', 'market': 'KRW-ETC', 'created_at': '2024-11-12T01:57:22+09:00', 'volume': '2.783', 'remaining_volume': '2.783', 'reserved_fee': '0', 'remaining_fee': '0', 'paid_fee': '0', 'locked': '2.783', 'executed_volume': '0', 'trades_count': 0}
[01:57:23.027][12][up](ASK) 주문상태:wait, {'type': 'myOrder', 'code': 'KRW-ETC', 'uuid': '2d5c61d8-97f8-4e82-aa5a-c993ea335a9d', 'ask_bid': 'ASK', 'order_type': 'market', 'state': 'wait', 'trade_uuid': None, 'price': None, 'avg_price': 0, 'volume': 2.783, 'remaining_volume': 2.783, 'executed_volume': 0, 'trades_count': 0, 'reserved_fee': 0, 'remaining_fee': 0, 'paid_fee': 0, 'locked': 2.783, 'executed_funds': 0, 'time_in_force': None, 'trade_timestamp': None, 'order_timestamp': 1731344242000, 'timestamp': 1731344243012, 'stream_type': 'REALTIME'}
[01:57:23.037][12][up](ASK) 주문상태:trade, {'type': 'myOrder', 'code': 'KRW-ETC', 'uuid': '2d5c61d8-97f8-4e82-aa5a-c993ea335a9d', 'ask_bid': 'ASK', 'order_type': 'market', 'state': 'trade', 'trade_uuid': 'c716efe5-1ce0-4731-81de-77a3f3351f7d', 'price': 32500, 'avg_price': 32483.75, 'volume': 2.783, 'remaining_volume': 0, 'executed_volume': 2.783, 'trades_count': 1, 'reserved_fee': 0, 'remaining_fee': 0, 'paid_fee': 45.22375, 'locked': 0, 'executed_funds': 90447.5, 'time_in_force': None, 'trade_timestamp': 1731344242989, 'order_timestamp': 1731344242000, 'timestamp': 1731344243027, 'stream_type': 'REALTIME'}
[01:57:23.038][12]up 77777777777 매도 완료 매수:C0105000000391899350, 매도:(2d5c61d8-97f8-4e82-aa5a-c993ea335a9d), {'type': 'myOrder', 'code': 'KRW-ETC', 'uuid': '2d5c61d8-97f8-4e82-aa5a-c993ea335a9d', 'ask_bid': 'ASK', 'order_type': 'market', 'state': 'trade', 'trade_uuid': 'c716efe5-1ce0-4731-81de-77a3f3351f7d', 'price': 32500, 'avg_price': 32483.75, 'volume': 2.783, 'remaining_volume': 0, 'executed_volume': 2.783, 'trades_count': 1, 'reserved_fee': 0, 'remaining_fee': 0, 'paid_fee': 45.22375, 'locked': 0, 'executed_funds': 90447.5, 'time_in_force': None, 'trade_timestamp': 1731344242989, 'order_timestamp': 1731344242000, 'timestamp': 1731344243027, 'stream_type': 'REALTIME'}
[01:57:23.038][12][up](ASK) 주문상태:done, {'type': 'myOrder', 'code': 'KRW-ETC', 'uuid': '2d5c61d8-97f8-4e82-aa5a-c993ea335a9d', 'ask_bid': 'ASK', 'order_type': 'market', 'state': 'done', 'trade_uuid': None, 'price': None, 'avg_price': 32483.75, 'volume': 2.783, 'remaining_volume': 0, 'executed_volume': 2.783, 'trades_count': 1, 'reserved_fee': 0, 'remaining_fee': 0, 'paid_fee': 45.22375, 'locked': 0, 'executed_funds': 90447.5, 'time_in_force': None, 'trade_timestamp': None, 'order_timestamp': 1731344242000, 'timestamp': 1731344243027, 'stream_type': 'REALTIME'}
[01:57:23.066][13]빗썸탈출신청(C0105000000391899357) mode:1, 업빗쪽 내 코인 계산이 안 맞았던거 같음. 다른 쓰레드 신청양(22.217), 매수미체결양:9.69, 업빗쪽 내 코인양:31.9
[01:57:23.461][13]빗썸탈출신청결과(C0105000000391899357) status_code:200 , {'uuid': 'C0105000000391899357', 'side': 'bid', 'ord_type': 'limit', 'price': '32470', 'state': 'wait', 'market': 'KRW-ETC', 'created_at': '2024-11-12T01:57:18+09:00', 'volume': '9.69', 'remaining_volume': '9.69', 'reserved_fee': '786.58575', 'remaining_fee': '786.58575', 'paid_fee': '0', 'locked': '315421.88575', 'executed_volume': '0', 'trades_count': 0}
[01:57:23.461][13][bit](BID) 주문상태:cancel, {'type': 'myOrder', 'code': 'KRW-ETC', 'uuid': 'C0105000000391899357', 'ask_bid': 'BID', 'order_type': 'limit', 'state': 'cancel', 'trade_uuid': None, 'price': 32470, 'volume': 9.69, 'remaining_volume': 9.69, 'executed_volume': 0, 'trades_count': 0, 'reserved_fee': 786.58575, 'remaining_fee': 786.58575, 'paid_fee': 0, 'executed_funds': 0, 'trade_timestamp': None, 'order_timestamp': 1731344238711, 'timestamp': 1731344243454, 'stream_type': 'REALTIME'}
[01:57:23.461][13]bit33333333333333333 매수취소(C0105000000391899357), {'type': 'myOrder', 'code': 'KRW-ETC', 'uuid': 'C0105000000391899357', 'ask_bid': 'BID', 'order_type': 'limit', 'state': 'cancel', 'trade_uuid': None, 'price': 32470, 'volume': 9.69, 'remaining_volume': 9.69, 'executed_volume': 0, 'trades_count': 0, 'reserved_fee': 786.58575, 'remaining_fee': 786.58575, 'paid_fee': 0, 'executed_funds': 0, 'trade_timestamp': None, 'order_timestamp': 1731344238711, 'timestamp': 1731344243454, 'stream_type': 'REALTIME'}
[01:57:23.461][13]bit 4444444444444 쓰레드 정리 isclear isClear(C0105000000391899357), 남은양:9.69, {'type': 'myOrder', 'code': 'KRW-ETC', 'uuid': 'C0105000000391899357', 'ask_bid': 'BID', 'order_type': 'limit', 'state': 'cancel', 'trade_uuid': None, 'price': 32470, 'volume': 9.69, 'remaining_volume': 9.69, 'executed_volume': 0, 'trades_count': 0, 'reserved_fee': 786.58575, 'remaining_fee': 786.58575, 'paid_fee': 0, 'executed_funds': 0, 'trade_timestamp': None, 'order_timestamp': 1731344238711, 'timestamp': 1731344243454, 'stream_type': 'REALTIME'}
[01:57:23.463][MyApi]stop_threads 시작 C0105000000391899357
[01:57:23.470]빗썸 [13][MyApi]쓰레드 종료
[01:57:23.470][13] 666666666666666 [MyApi]stop_threads 종료 C0105000000391899357
[01:57:24.362][bit]프로그램으로 신청한게 아닌거 같음. 확인 필요.C0105000000391899382, wait, {'type': 'myOrder', 'code': 'KRW-ETC', 'uuid': 'C0105000000391899382', 'ask_bid': 'BID', 'order_type': 'limit', 'state': 'wait', 'trade_uuid': None, 'price': 32470, 'volume': 9.683, 'remaining_volume': 9.683, 'executed_volume': 0, 'trades_count': 0, 'reserved_fee': 786.017525, 'remaining_fee': 786.017525, 'paid_fee': 0, 'executed_funds': 0, 'trade_timestamp': None, 'order_timestamp': 1731344244271, 'timestamp': 1731344244356, 'stream_type': 'REALTIME'}
[01:57:24.379][14]빗썸1111111111111매수신청 완료(C0105000000391899382), mode:1, result:{'uuid': 'C0105000000391899382', 'side': 'bid', 'ord_type': 'limit', 'price': '32470', 'state': 'wait', 'market': 'KRW-ETC', 'created_at': '2024-11-12T01:57:24+09:00', 'volume': '9.683', 'remaining_volume': '9.683', 'reserved_fee': '786.017525', 'remaining_fee': '786.017525', 'paid_fee': '0', 'locked': '315194.027525', 'executed_volume': '0', 'trades_count': 0}
[01:57:24.866][12]빗썸탈출신청(C0105000000391899350) mode:1, 최종적으로 수량 부족으로 탈출. 업빗매수2차익:10.0, BitToUp:22.729, UpToBit:16.245, 남은매수/신청매수:22.217/25.0, buy_amount:6.1671292, get_total_units:0, up_buy1_amount:6.1671292, up_buy2_amount:5.0835646
[01:57:24.866][14]빗썸탈출신청(C0105000000391899382) mode:1, 최종적으로 수량 부족으로 탈출. 업빗매수2차익:10.0, BitToUp:22.729, UpToBit:16.245, 남은매수/신청매수:9.683/9.683, buy_amount:-16.0498708, get_total_units:22.217, up_buy1_amount:6.1671292, up_buy2_amount:5.0835646
[01:57:25.160][14]빗썸탈출신청결과(C0105000000391899382) status_code:200 , {'uuid': 'C0105000000391899382', 'side': 'bid', 'ord_type': 'limit', 'price': '32470', 'state': 'wait', 'market': 'KRW-ETC', 'created_at': '2024-11-12T01:57:24+09:00', 'volume': '9.683', 'remaining_volume': '9.683', 'reserved_fee': '786.017525', 'remaining_fee': '786.017525', 'paid_fee': '0', 'locked': '315194.027525', 'executed_volume': '0', 'trades_count': 0}
[01:57:25.168][12]빗썸탈출신청결과(C0105000000391899350) status_code:200 , {'uuid': 'C0105000000391899350', 'side': 'bid', 'ord_type': 'limit', 'price': '32470', 'state': 'wait', 'market': 'KRW-ETC', 'created_at': '2024-11-12T01:57:17+09:00', 'volume': '25', 'remaining_volume': '22.217', 'reserved_fee': '2029.375', 'remaining_fee': '1803.464975', 'paid_fee': '0', 'locked': '723190.454975', 'executed_volume': '2.783', 'trades_count': 1}
[01:57:25.210][12][bit](BID) 주문상태:cancel, {'type': 'myOrder', 'code': 'KRW-ETC', 'uuid': 'C0105000000391899350', 'ask_bid': 'BID', 'order_type': 'limit', 'state': 'cancel', 'trade_uuid': None, 'price': 32470, 'volume': 25, 'remaining_volume': 22.217, 'executed_volume': 2.783, 'trades_count': 0, 'reserved_fee': 2029.375, 'remaining_fee': 1803.464975, 'paid_fee': 225.910025, 'executed_funds': 0, 'trade_timestamp': None, 'order_timestamp': 1731344237873, 'timestamp': 1731344245203, 'stream_type': 'REALTIME'}
[01:57:25.210][12]bit33333333333333333 매수취소(C0105000000391899350), {'type': 'myOrder', 'code': 'KRW-ETC', 'uuid': 'C0105000000391899350', 'ask_bid': 'BID', 'order_type': 'limit', 'state': 'cancel', 'trade_uuid': None, 'price': 32470, 'volume': 25, 'remaining_volume': 22.217, 'executed_volume': 2.783, 'trades_count': 0, 'reserved_fee': 2029.375, 'remaining_fee': 1803.464975, 'paid_fee': 225.910025, 'executed_funds': 0, 'trade_timestamp': None, 'order_timestamp': 1731344237873, 'timestamp': 1731344245203, 'stream_type': 'REALTIME'}
[01:57:25.211][12]bit 4444444444444 쓰레드 정리 isclear isClear(C0105000000391899350), 남은양:22.217, {'type': 'myOrder', 'code': 'KRW-ETC', 'uuid': 'C0105000000391899350', 'ask_bid': 'BID', 'order_type': 'limit', 'state': 'cancel', 'trade_uuid': None, 'price': 32470, 'volume': 25, 'remaining_volume': 22.217, 'executed_volume': 2.783, 'trades_count': 0, 'reserved_fee': 2029.375, 'remaining_fee': 1803.464975, 'paid_fee': 225.910025, 'executed_funds': 0, 'trade_timestamp': None, 'order_timestamp': 1731344237873, 'timestamp': 1731344245203, 'stream_type': 'REALTIME'}
[01:57:25.212][14][bit](BID) 주문상태:cancel, {'type': 'myOrder', 'code': 'KRW-ETC', 'uuid': 'C0105000000391899382', 'ask_bid': 'BID', 'order_type': 'limit', 'state': 'cancel', 'trade_uuid': None, 'price': 32470, 'volume': 9.683, 'remaining_volume': 9.683, 'executed_volume': 0, 'trades_count': 0, 'reserved_fee': 786.017525, 'remaining_fee': 786.017525, 'paid_fee': 0, 'executed_funds': 0, 'trade_timestamp': None, 'order_timestamp': 1731344244271, 'timestamp': 1731344245204, 'stream_type': 'REALTIME'}
[01:57:25.212][14]bit33333333333333333 매수취소(C0105000000391899382), {'type': 'myOrder', 'code': 'KRW-ETC', 'uuid': 'C0105000000391899382', 'ask_bid': 'BID', 'order_type': 'limit', 'state': 'cancel', 'trade_uuid': None, 'price': 32470, 'volume': 9.683, 'remaining_volume': 9.683, 'executed_volume': 0, 'trades_count': 0, 'reserved_fee': 786.017525, 'remaining_fee': 786.017525, 'paid_fee': 0, 'executed_funds': 0, 'trade_timestamp': None, 'order_timestamp': 1731344244271, 'timestamp': 1731344245204, 'stream_type': 'REALTIME'}
[01:57:25.212][14]bit 4444444444444 쓰레드 정리 isclear isClear(C0105000000391899382), 남은양:9.683, {'type': 'myOrder', 'code': 'KRW-ETC', 'uuid': 'C0105000000391899382', 'ask_bid': 'BID', 'order_type': 'limit', 'state': 'cancel', 'trade_uuid': None, 'price': 32470, 'volume': 9.683, 'remaining_volume': 9.683, 'executed_volume': 0, 'trades_count': 0, 'reserved_fee': 786.017525, 'remaining_fee': 786.017525, 'paid_fee': 0, 'executed_funds': 0, 'trade_timestamp': None, 'order_timestamp': 1731344244271, 'timestamp': 1731344245204, 'stream_type': 'REALTIME'}
[01:57:25.213][MyApi]stop_threads 시작 C0105000000391899350
[01:57:25.213][14]빗썸탈출신청(C0105000000391899382) mode:1, 최종적으로 수량 부족으로 탈출. 업빗매수2차익:10.0, BitToUp:22.729, UpToBit:16.245, 남은매수/신청매수:9.683/9.683, buy_amount:-21.4998708, get_total_units:22.217, up_buy1_amount:0.7171292, up_buy2_amount:5.0835646
[01:57:25.214][MyApi]stop_threads 시작 C0105000000391899382
[01:57:25.220]빗썸 [12][MyApi]쓰레드 종료
[01:57:25.220][12] 666666666666666 [MyApi]stop_threads 종료 C0105000000391899350
[01:57:25.590][14]빗썸탈출신청결과(C0105000000391899382) status_code:404 , {'error': {'name': 'order_not_found', 'message': '주문을 찾지 못했습니다.'}}
[01:57:25.600]빗썸 [14][MyApi]쓰레드 종료
[01:57:25.602][14] 666666666666666 [MyApi]stop_threads 종료 C0105000000391899382
[01:57:41.532][15]빗썸1111111111111매수신청 완료(C0105000000391899510), mode:1, result:{'uuid': 'C0105000000391899510', 'side': 'bid', 'ord_type': 'limit', 'price': '32410', 'state': 'wait', 'market': 'KRW-ETC', 'created_at': '2024-11-12T01:57:41+09:00', 'volume': '25', 'remaining_volume': '25', 'reserved_fee': '2025.625', 'remaining_fee': '2025.625', 'paid_fee': '0', 'locked': '812276.625', 'executed_volume': '0', 'trades_count': 0}
[01:57:41.574][15][bit](BID) 주문상태:wait, {'type': 'myOrder', 'code': 'KRW-ETC', 'uuid': 'C0105000000391899510', 'ask_bid': 'BID', 'order_type': 'limit', 'state': 'wait', 'trade_uuid': None, 'price': 32410, 'volume': 25, 'remaining_volume': 25, 'executed_volume': 0, 'trades_count': 0, 'reserved_fee': 2025.625, 'remaining_fee': 2025.625, 'paid_fee': 0, 'executed_funds': 0, 'trade_timestamp': None, 'order_timestamp': 1731344261446, 'timestamp': 1731344261567, 'stream_type': 'REALTIME'}
[01:57:41.575][15]bit22222222222222222 매수대기 (C0105000000391899510),{'type': 'myOrder', 'code': 'KRW-ETC', 'uuid': 'C0105000000391899510', 'ask_bid': 'BID', 'order_type': 'limit', 'state': 'wait', 'trade_uuid': None, 'price': 32410, 'volume': 25, 'remaining_volume': 25, 'executed_volume': 0, 'trades_count': 0, 'reserved_fee': 2025.625, 'remaining_fee': 2025.625, 'paid_fee': 0, 'executed_funds': 0, 'trade_timestamp': None, 'order_timestamp': 1731344261446, 'timestamp': 1731344261567, 'stream_type': 'REALTIME'}
[01:57:41.816][15]빗썸탈출신청(C0105000000391899510) mode:1, 빗썸매수3까지 내려옴. 매수금액(32410.0), 매수2(32420.0)
[01:57:42.102][15]빗썸탈출신청결과(C0105000000391899510) status_code:200 , {'uuid': 'C0105000000391899510', 'side': 'bid', 'ord_type': 'limit', 'price': '32410', 'state': 'wait', 'market': 'KRW-ETC', 'created_at': '2024-11-12T01:57:41+09:00', 'volume': '25', 'remaining_volume': '25', 'reserved_fee': '2025.625', 'remaining_fee': '2025.625', 'paid_fee': '0', 'locked': '812276.625', 'executed_volume': '0', 'trades_count': 0}
[01:57:42.111][15][bit](BID) 주문상태:cancel, {'type': 'myOrder', 'code': 'KRW-ETC', 'uuid': 'C0105000000391899510', 'ask_bid': 'BID', 'order_type': 'limit', 'state': 'cancel', 'trade_uuid': None, 'price': 32410, 'volume': 25, 'remaining_volume': 25, 'executed_volume': 0, 'trades_count': 0, 'reserved_fee': 2025.625, 'remaining_fee': 2025.625, 'paid_fee': 0, 'executed_funds': 0, 'trade_timestamp': None, 'order_timestamp': 1731344261446, 'timestamp': 1731344262104, 'stream_type': 'REALTIME'}
[01:57:42.111][15]bit33333333333333333 매수취소(C0105000000391899510), {'type': 'myOrder', 'code': 'KRW-ETC', 'uuid': 'C0105000000391899510', 'ask_bid': 'BID', 'order_type': 'limit', 'state': 'cancel', 'trade_uuid': None, 'price': 32410, 'volume': 25, 'remaining_volume': 25, 'executed_volume': 0, 'trades_count': 0, 'reserved_fee': 2025.625, 'remaining_fee': 2025.625, 'paid_fee': 0, 'executed_funds': 0, 'trade_timestamp': None, 'order_timestamp': 1731344261446, 'timestamp': 1731344262104, 'stream_type': 'REALTIME'}
[01:57:42.111][15]bit 4444444444444 쓰레드 정리 isclear isClear(C0105000000391899510), 남은양:25.0, {'type': 'myOrder', 'code': 'KRW-ETC', 'uuid': 'C0105000000391899510', 'ask_bid': 'BID', 'order_type': 'limit', 'state': 'cancel', 'trade_uuid': None, 'price': 32410, 'volume': 25, 'remaining_volume': 25, 'executed_volume': 0, 'trades_count': 0, 'reserved_fee': 2025.625, 'remaining_fee': 2025.625, 'paid_fee': 0, 'executed_funds': 0, 'trade_timestamp': None, 'order_timestamp': 1731344261446, 'timestamp': 1731344262104, 'stream_type': 'REALTIME'}
[01:57:42.112][MyApi]stop_threads 시작 C0105000000391899510
[01:57:42.115]빗썸 [15][MyApi]쓰레드 종료
[01:57:42.115][15] 666666666666666 [MyApi]stop_threads 종료 C0105000000391899510
[01:57:47.662][16]빗썸1111111111111매수신청 완료(C0105000000391899547), mode:1, result:{'uuid': 'C0105000000391899547', 'side': 'bid', 'ord_type': 'limit', 'price': '32410', 'state': 'wait', 'market': 'KRW-ETC', 'created_at': '2024-11-12T01:57:47+09:00', 'volume': '25', 'remaining_volume': '25', 'reserved_fee': '2025.625', 'remaining_fee': '2025.625', 'paid_fee': '0', 'locked': '812276.625', 'executed_volume': '0', 'trades_count': 0}
[01:57:47.675][16][bit](BID) 주문상태:wait, {'type': 'myOrder', 'code': 'KRW-ETC', 'uuid': 'C0105000000391899547', 'ask_bid': 'BID', 'order_type': 'limit', 'state': 'wait', 'trade_uuid': None, 'price': 32410, 'volume': 25, 'remaining_volume': 25, 'executed_volume': 0, 'trades_count': 0, 'reserved_fee': 2025.625, 'remaining_fee': 2025.625, 'paid_fee': 0, 'executed_funds': 0, 'trade_timestamp': None, 'order_timestamp': 1731344267534, 'timestamp': 1731344267668, 'stream_type': 'REALTIME'}
[01:57:47.676][16]bit22222222222222222 매수대기 (C0105000000391899547),{'type': 'myOrder', 'code': 'KRW-ETC', 'uuid': 'C0105000000391899547', 'ask_bid': 'BID', 'order_type': 'limit', 'state': 'wait', 'trade_uuid': None, 'price': 32410, 'volume': 25, 'remaining_volume': 25, 'executed_volume': 0, 'trades_count': 0, 'reserved_fee': 2025.625, 'remaining_fee': 2025.625, 'paid_fee': 0, 'executed_funds': 0, 'trade_timestamp': None, 'order_timestamp': 1731344267534, 'timestamp': 1731344267668, 'stream_type': 'REALTIME'}
[01:57:48.617][17]빗썸1111111111111매수신청 완료(C0105000000391899550), mode:1, result:{'uuid': 'C0105000000391899550', 'side': 'bid', 'ord_type': 'limit', 'price': '32420', 'state': 'wait', 'market': 'KRW-ETC', 'created_at': '2024-11-12T01:57:48+09:00', 'volume': '6.9', 'remaining_volume': '6.9', 'reserved_fee': '559.245', 'remaining_fee': '559.245', 'paid_fee': '0', 'locked': '224258.245', 'executed_volume': '0', 'trades_count': 0}
[01:57:48.668][17][bit](BID) 주문상태:wait, {'type': 'myOrder', 'code': 'KRW-ETC', 'uuid': 'C0105000000391899550', 'ask_bid': 'BID', 'order_type': 'limit', 'state': 'wait', 'trade_uuid': None, 'price': 32420, 'volume': 6.9, 'remaining_volume': 6.9, 'executed_volume': 0, 'trades_count': 0, 'reserved_fee': 559.245, 'remaining_fee': 559.245, 'paid_fee': 0, 'executed_funds': 0, 'trade_timestamp': None, 'order_timestamp': 1731344268546, 'timestamp': 1731344268661, 'stream_type': 'REALTIME'}
[01:57:48.669][17]bit22222222222222222 매수대기 (C0105000000391899550),{'type': 'myOrder', 'code': 'KRW-ETC', 'uuid': 'C0105000000391899550', 'ask_bid': 'BID', 'order_type': 'limit', 'state': 'wait', 'trade_uuid': None, 'price': 32420, 'volume': 6.9, 'remaining_volume': 6.9, 'executed_volume': 0, 'trades_count': 0, 'reserved_fee': 559.245, 'remaining_fee': 559.245, 'paid_fee': 0, 'executed_funds': 0, 'trade_timestamp': None, 'order_timestamp': 1731344268546, 'timestamp': 1731344268661, 'stream_type': 'REALTIME'}
[01:57:51.138][16]빗썸탈출신청(C0105000000391899547) mode:1, 빗썸매수3까지 내려옴. 매수금액(32410.0), 매수2(32420.0)
[01:57:51.395][16]빗썸탈출신청결과(C0105000000391899547) status_code:200 , {'uuid': 'C0105000000391899547', 'side': 'bid', 'ord_type': 'limit', 'price': '32410', 'state': 'wait', 'market': 'KRW-ETC', 'created_at': '2024-11-12T01:57:47+09:00', 'volume': '25', 'remaining_volume': '25', 'reserved_fee': '2025.625', 'remaining_fee': '2025.625', 'paid_fee': '0', 'locked': '812276.625', 'executed_volume': '0', 'trades_count': 0}
[01:57:51.453][16]빗썸탈출신청(C0105000000391899547) mode:1, 빗썸매수3까지 내려옴. 매수금액(32410.0), 매수2(32420.0)
[01:57:51.476][16][bit](BID) 주문상태:cancel, {'type': 'myOrder', 'code': 'KRW-ETC', 'uuid': 'C0105000000391899547', 'ask_bid': 'BID', 'order_type': 'limit', 'state': 'cancel', 'trade_uuid': None, 'price': 32410, 'volume': 25, 'remaining_volume': 25, 'executed_volume': 0, 'trades_count': 0, 'reserved_fee': 2025.625, 'remaining_fee': 2025.625, 'paid_fee': 0, 'executed_funds': 0, 'trade_timestamp': None, 'order_timestamp': 1731344267534, 'timestamp': 1731344271456, 'stream_type': 'REALTIME'}
[01:57:51.476][16]bit33333333333333333 매수취소(C0105000000391899547), {'type': 'myOrder', 'code': 'KRW-ETC', 'uuid': 'C0105000000391899547', 'ask_bid': 'BID', 'order_type': 'limit', 'state': 'cancel', 'trade_uuid': None, 'price': 32410, 'volume': 25, 'remaining_volume': 25, 'executed_volume': 0, 'trades_count': 0, 'reserved_fee': 2025.625, 'remaining_fee': 2025.625, 'paid_fee': 0, 'executed_funds': 0, 'trade_timestamp': None, 'order_timestamp': 1731344267534, 'timestamp': 1731344271456, 'stream_type': 'REALTIME'}
[01:57:51.476][16]bit 4444444444444 쓰레드 정리 isclear isClear(C0105000000391899547), 남은양:25.0, {'type': 'myOrder', 'code': 'KRW-ETC', 'uuid': 'C0105000000391899547', 'ask_bid': 'BID', 'order_type': 'limit', 'state': 'cancel', 'trade_uuid': None, 'price': 32410, 'volume': 25, 'remaining_volume': 25, 'executed_volume': 0, 'trades_count': 0, 'reserved_fee': 2025.625, 'remaining_fee': 2025.625, 'paid_fee': 0, 'executed_funds': 0, 'trade_timestamp': None, 'order_timestamp': 1731344267534, 'timestamp': 1731344271456, 'stream_type': 'REALTIME'}
[01:57:51.478][MyApi]stop_threads 시작 C0105000000391899547
[01:57:51.681][16]빗썸탈출신청결과(C0105000000391899547) status_code:404 , {'error': {'name': 'order_not_found', 'message': '주문을 찾지 못했습니다.'}}
[01:57:51.685]빗썸 [16][MyApi]쓰레드 종료
[01:57:51.685][16] 666666666666666 [MyApi]stop_threads 종료 C0105000000391899547
[01:57:52.605][17]빗썸탈출신청(C0105000000391899550) mode:1, 빗썸매수3까지 내려옴. 매수금액(32420.0), 매수2(32430.0)
[01:57:52.876][17]빗썸탈출신청결과(C0105000000391899550) status_code:200 , {'uuid': 'C0105000000391899550', 'side': 'bid', 'ord_type': 'limit', 'price': '32420', 'state': 'wait', 'market': 'KRW-ETC', 'created_at': '2024-11-12T01:57:48+09:00', 'volume': '6.9', 'remaining_volume': '6.9', 'reserved_fee': '559.245', 'remaining_fee': '559.245', 'paid_fee': '0', 'locked': '224258.245', 'executed_volume': '0', 'trades_count': 0}
[01:57:52.917][17][bit](BID) 주문상태:cancel, {'type': 'myOrder', 'code': 'KRW-ETC', 'uuid': 'C0105000000391899550', 'ask_bid': 'BID', 'order_type': 'limit', 'state': 'cancel', 'trade_uuid': None, 'price': 32420, 'volume': 6.9, 'remaining_volume': 6.9, 'executed_volume': 0, 'trades_count': 0, 'reserved_fee': 559.245, 'remaining_fee': 559.245, 'paid_fee': 0, 'executed_funds': 0, 'trade_timestamp': None, 'order_timestamp': 1731344268546, 'timestamp': 1731344272907, 'stream_type': 'REALTIME'}
[01:57:52.917][17]bit33333333333333333 매수취소(C0105000000391899550), {'type': 'myOrder', 'code': 'KRW-ETC', 'uuid': 'C0105000000391899550', 'ask_bid': 'BID', 'order_type': 'limit', 'state': 'cancel', 'trade_uuid': None, 'price': 32420, 'volume': 6.9, 'remaining_volume': 6.9, 'executed_volume': 0, 'trades_count': 0, 'reserved_fee': 559.245, 'remaining_fee': 559.245, 'paid_fee': 0, 'executed_funds': 0, 'trade_timestamp': None, 'order_timestamp': 1731344268546, 'timestamp': 1731344272907, 'stream_type': 'REALTIME'}
[01:57:52.917][17]bit 4444444444444 쓰레드 정리 isclear isClear(C0105000000391899550), 남은양:6.9, {'type': 'myOrder', 'code': 'KRW-ETC', 'uuid': 'C0105000000391899550', 'ask_bid': 'BID', 'order_type': 'limit', 'state': 'cancel', 'trade_uuid': None, 'price': 32420, 'volume': 6.9, 'remaining_volume': 6.9, 'executed_volume': 0, 'trades_count': 0, 'reserved_fee': 559.245, 'remaining_fee': 559.245, 'paid_fee': 0, 'executed_funds': 0, 'trade_timestamp': None, 'order_timestamp': 1731344268546, 'timestamp': 1731344272907, 'stream_type': 'REALTIME'}
[01:57:52.918][MyApi]stop_threads 시작 C0105000000391899550
[01:57:52.921]빗썸 [17][MyApi]쓰레드 종료
[01:57:52.921][17] 666666666666666 [MyApi]stop_threads 종료 C0105000000391899550
[01:58:08.686][18]빗썸1111111111111매수신청 완료(C0105000000391899631), mode:1, result:{'uuid': 'C0105000000391899631', 'side': 'bid', 'ord_type': 'limit', 'price': '32430', 'state': 'wait', 'market': 'KRW-ETC', 'created_at': '2024-11-12T01:58:08+09:00', 'volume': '25', 'remaining_volume': '25', 'reserved_fee': '2026.875', 'remaining_fee': '2026.875', 'paid_fee': '0', 'locked': '812777.875', 'executed_volume': '0', 'trades_count': 0}
[01:58:08.754][18][bit](BID) 주문상태:wait, {'type': 'myOrder', 'code': 'KRW-ETC', 'uuid': 'C0105000000391899631', 'ask_bid': 'BID', 'order_type': 'limit', 'state': 'wait', 'trade_uuid': None, 'price': 32430, 'volume': 25, 'remaining_volume': 25, 'executed_volume': 0, 'trades_count': 0, 'reserved_fee': 2026.875, 'remaining_fee': 2026.875, 'paid_fee': 0, 'executed_funds': 0, 'trade_timestamp': None, 'order_timestamp': 1731344288586, 'timestamp': 1731344288748, 'stream_type': 'REALTIME'}
[01:58:08.756][18]bit22222222222222222 매수대기 (C0105000000391899631),{'type': 'myOrder', 'code': 'KRW-ETC', 'uuid': 'C0105000000391899631', 'ask_bid': 'BID', 'order_type': 'limit', 'state': 'wait', 'trade_uuid': None, 'price': 32430, 'volume': 25, 'remaining_volume': 25, 'executed_volume': 0, 'trades_count': 0, 'reserved_fee': 2026.875, 'remaining_fee': 2026.875, 'paid_fee': 0, 'executed_funds': 0, 'trade_timestamp': None, 'order_timestamp': 1731344288586, 'timestamp': 1731344288748, 'stream_type': 'REALTIME'}
[01:58:09.578][19]빗썸1111111111111매수신청 완료(C0105000000391899634), mode:1, result:{'uuid': 'C0105000000391899634', 'side': 'bid', 'ord_type': 'limit', 'price': '32430', 'state': 'wait', 'market': 'KRW-ETC', 'created_at': '2024-11-12T01:58:09+09:00', 'volume': '6.9', 'remaining_volume': '6.9', 'reserved_fee': '559.4175', 'remaining_fee': '559.4175', 'paid_fee': '0', 'locked': '224327.4175', 'executed_volume': '0', 'trades_count': 0}
[01:58:09.613][19][bit](BID) 주문상태:wait, {'type': 'myOrder', 'code': 'KRW-ETC', 'uuid': 'C0105000000391899634', 'ask_bid': 'BID', 'order_type': 'limit', 'state': 'wait', 'trade_uuid': None, 'price': 32430, 'volume': 6.9, 'remaining_volume': 6.9, 'executed_volume': 0, 'trades_count': 0, 'reserved_fee': 559.4175, 'remaining_fee': 559.4175, 'paid_fee': 0, 'executed_funds': 0, 'trade_timestamp': None, 'order_timestamp': 1731344289510, 'timestamp': 1731344289606, 'stream_type': 'REALTIME'}
[01:58:09.614][19]bit22222222222222222 매수대기 (C0105000000391899634),{'type': 'myOrder', 'code': 'KRW-ETC', 'uuid': 'C0105000000391899634', 'ask_bid': 'BID', 'order_type': 'limit', 'state': 'wait', 'trade_uuid': None, 'price': 32430, 'volume': 6.9, 'remaining_volume': 6.9, 'executed_volume': 0, 'trades_count': 0, 'reserved_fee': 559.4175, 'remaining_fee': 559.4175, 'paid_fee': 0, 'executed_funds': 0, 'trade_timestamp': None, 'order_timestamp': 1731344289510, 'timestamp': 1731344289606, 'stream_type': 'REALTIME'}
[01:58:11.665][18]빗썸탈출신청(C0105000000391899631) mode:1, 빗썸매수3까지 내려옴. 매수금액(32430.0), 매수2(32470.0)
[01:58:11.666][19]빗썸탈출신청(C0105000000391899634) mode:1, 빗썸매수3까지 내려옴. 매수금액(32430.0), 매수2(32470.0)
[01:58:12.013][18]빗썸탈출신청결과(C0105000000391899631) status_code:200 , {'uuid': 'C0105000000391899631', 'side': 'bid', 'ord_type': 'limit', 'price': '32430', 'state': 'wait', 'market': 'KRW-ETC', 'created_at': '2024-11-12T01:58:08+09:00', 'volume': '25', 'remaining_volume': '25', 'reserved_fee': '2026.875', 'remaining_fee': '2026.875', 'paid_fee': '0', 'locked': '812777.875', 'executed_volume': '0', 'trades_count': 0}
[01:58:12.031][19]빗썸탈출신청결과(C0105000000391899634) status_code:200 , {'uuid': 'C0105000000391899634', 'side': 'bid', 'ord_type': 'limit', 'price': '32430', 'state': 'wait', 'market': 'KRW-ETC', 'created_at': '2024-11-12T01:58:09+09:00', 'volume': '6.9', 'remaining_volume': '6.9', 'reserved_fee': '559.4175', 'remaining_fee': '559.4175', 'paid_fee': '0', 'locked': '224327.4175', 'executed_volume': '0', 'trades_count': 0}
[01:58:12.077][19]빗썸탈출신청(C0105000000391899634) mode:1, 빗썸매수3까지 내려옴. 매수금액(32430.0), 매수2(32440.0)
[01:58:12.077][18]빗썸탈출신청(C0105000000391899631) mode:1, 빗썸매수3까지 내려옴. 매수금액(32430.0), 매수2(32440.0)
[01:58:12.135][19][bit](BID) 주문상태:cancel, {'type': 'myOrder', 'code': 'KRW-ETC', 'uuid': 'C0105000000391899634', 'ask_bid': 'BID', 'order_type': 'limit', 'state': 'cancel', 'trade_uuid': None, 'price': 32430, 'volume': 6.9, 'remaining_volume': 6.9, 'executed_volume': 0, 'trades_count': 0, 'reserved_fee': 559.4175, 'remaining_fee': 559.4175, 'paid_fee': 0, 'executed_funds': 0, 'trade_timestamp': None, 'order_timestamp': 1731344289510, 'timestamp': 1731344292115, 'stream_type': 'REALTIME'}
[01:58:12.135][19]bit33333333333333333 매수취소(C0105000000391899634), {'type': 'myOrder', 'code': 'KRW-ETC', 'uuid': 'C0105000000391899634', 'ask_bid': 'BID', 'order_type': 'limit', 'state': 'cancel', 'trade_uuid': None, 'price': 32430, 'volume': 6.9, 'remaining_volume': 6.9, 'executed_volume': 0, 'trades_count': 0, 'reserved_fee': 559.4175, 'remaining_fee': 559.4175, 'paid_fee': 0, 'executed_funds': 0, 'trade_timestamp': None, 'order_timestamp': 1731344289510, 'timestamp': 1731344292115, 'stream_type': 'REALTIME'}
[01:58:12.135][19]bit 4444444444444 쓰레드 정리 isclear isClear(C0105000000391899634), 남은양:6.9, {'type': 'myOrder', 'code': 'KRW-ETC', 'uuid': 'C0105000000391899634', 'ask_bid': 'BID', 'order_type': 'limit', 'state': 'cancel', 'trade_uuid': None, 'price': 32430, 'volume': 6.9, 'remaining_volume': 6.9, 'executed_volume': 0, 'trades_count': 0, 'reserved_fee': 559.4175, 'remaining_fee': 559.4175, 'paid_fee': 0, 'executed_funds': 0, 'trade_timestamp': None, 'order_timestamp': 1731344289510, 'timestamp': 1731344292115, 'stream_type': 'REALTIME'}
[01:58:12.137][MyApi]stop_threads 시작 C0105000000391899634
[01:58:12.138][18][bit](BID) 주문상태:cancel, {'type': 'myOrder', 'code': 'KRW-ETC', 'uuid': 'C0105000000391899631', 'ask_bid': 'BID', 'order_type': 'limit', 'state': 'cancel', 'trade_uuid': None, 'price': 32430, 'volume': 25, 'remaining_volume': 25, 'executed_volume': 0, 'trades_count': 0, 'reserved_fee': 2026.875, 'remaining_fee': 2026.875, 'paid_fee': 0, 'executed_funds': 0, 'trade_timestamp': None, 'order_timestamp': 1731344288586, 'timestamp': 1731344292115, 'stream_type': 'REALTIME'}
[01:58:12.138][18]bit33333333333333333 매수취소(C0105000000391899631), {'type': 'myOrder', 'code': 'KRW-ETC', 'uuid': 'C0105000000391899631', 'ask_bid': 'BID', 'order_type': 'limit', 'state': 'cancel', 'trade_uuid': None, 'price': 32430, 'volume': 25, 'remaining_volume': 25, 'executed_volume': 0, 'trades_count': 0, 'reserved_fee': 2026.875, 'remaining_fee': 2026.875, 'paid_fee': 0, 'executed_funds': 0, 'trade_timestamp': None, 'order_timestamp': 1731344288586, 'timestamp': 1731344292115, 'stream_type': 'REALTIME'}
[01:58:12.138][18]bit 4444444444444 쓰레드 정리 isclear isClear(C0105000000391899631), 남은양:25.0, {'type': 'myOrder', 'code': 'KRW-ETC', 'uuid': 'C0105000000391899631', 'ask_bid': 'BID', 'order_type': 'limit', 'state': 'cancel', 'trade_uuid': None, 'price': 32430, 'volume': 25, 'remaining_volume': 25, 'executed_volume': 0, 'trades_count': 0, 'reserved_fee': 2026.875, 'remaining_fee': 2026.875, 'paid_fee': 0, 'executed_funds': 0, 'trade_timestamp': None, 'order_timestamp': 1731344288586, 'timestamp': 1731344292115, 'stream_type': 'REALTIME'}
[01:58:12.140][MyApi]stop_threads 시작 C0105000000391899631
[01:58:12.374][18]빗썸탈출신청결과(C0105000000391899631) status_code:404 , {'error': {'name': 'order_not_found', 'message': '주문을 찾지 못했습니다.'}}
[01:58:12.376][19]빗썸탈출신청결과(C0105000000391899634) status_code:404 , {'error': {'name': 'order_not_found', 'message': '주문을 찾지 못했습니다.'}}
[01:58:12.384]빗썸 [19][MyApi]쓰레드 종료
[01:58:12.384][19] 666666666666666 [MyApi]stop_threads 종료 C0105000000391899634
[01:58:12.385]빗썸 [18][MyApi]쓰레드 종료
[01:58:12.385][18] 666666666666666 [MyApi]stop_threads 종료 C0105000000391899631
[02:00:45.183][20]빗썸1111111111111매수신청 완료(C0105000000391900275), mode:1, result:{'uuid': 'C0105000000391900275', 'side': 'bid', 'ord_type': 'limit', 'price': '32490', 'state': 'wait', 'market': 'KRW-ETC', 'created_at': '2024-11-12T02:00:45+09:00', 'volume': '25', 'remaining_volume': '25', 'reserved_fee': '2030.625', 'remaining_fee': '2030.625', 'paid_fee': '0', 'locked': '814281.625', 'executed_volume': '0', 'trades_count': 0}
[02:00:45.220][20][bit](BID) 주문상태:wait, {'type': 'myOrder', 'code': 'KRW-ETC', 'uuid': 'C0105000000391900275', 'ask_bid': 'BID', 'order_type': 'limit', 'state': 'wait', 'trade_uuid': None, 'price': 32490, 'volume': 25, 'remaining_volume': 25, 'executed_volume': 0, 'trades_count': 0, 'reserved_fee': 2030.625, 'remaining_fee': 2030.625, 'paid_fee': 0, 'executed_funds': 0, 'trade_timestamp': None, 'order_timestamp': 1731344445096, 'timestamp': 1731344445210, 'stream_type': 'REALTIME'}
[02:00:45.222][20]bit22222222222222222 매수대기 (C0105000000391900275),{'type': 'myOrder', 'code': 'KRW-ETC', 'uuid': 'C0105000000391900275', 'ask_bid': 'BID', 'order_type': 'limit', 'state': 'wait', 'trade_uuid': None, 'price': 32490, 'volume': 25, 'remaining_volume': 25, 'executed_volume': 0, 'trades_count': 0, 'reserved_fee': 2030.625, 'remaining_fee': 2030.625, 'paid_fee': 0, 'executed_funds': 0, 'trade_timestamp': None, 'order_timestamp': 1731344445096, 'timestamp': 1731344445210, 'stream_type': 'REALTIME'}
[02:00:46.222][21]빗썸1111111111111매수신청 완료(C0105000000391900278), mode:1, result:{'uuid': 'C0105000000391900278', 'side': 'bid', 'ord_type': 'limit', 'price': '32490', 'state': 'wait', 'market': 'KRW-ETC', 'created_at': '2024-11-12T02:00:46+09:00', 'volume': '6.9', 'remaining_volume': '6.9', 'reserved_fee': '560.4525', 'remaining_fee': '560.4525', 'paid_fee': '0', 'locked': '224742.4525', 'executed_volume': '0', 'trades_count': 0}
[02:00:46.256][21][bit](BID) 주문상태:wait, {'type': 'myOrder', 'code': 'KRW-ETC', 'uuid': 'C0105000000391900278', 'ask_bid': 'BID', 'order_type': 'limit', 'state': 'wait', 'trade_uuid': None, 'price': 32490, 'volume': 6.9, 'remaining_volume': 6.9, 'executed_volume': 0, 'trades_count': 0, 'reserved_fee': 560.4525, 'remaining_fee': 560.4525, 'paid_fee': 0, 'executed_funds': 0, 'trade_timestamp': None, 'order_timestamp': 1731344446141, 'timestamp': 1731344446250, 'stream_type': 'REALTIME'}
[02:00:46.258][21]bit22222222222222222 매수대기 (C0105000000391900278),{'type': 'myOrder', 'code': 'KRW-ETC', 'uuid': 'C0105000000391900278', 'ask_bid': 'BID', 'order_type': 'limit', 'state': 'wait', 'trade_uuid': None, 'price': 32490, 'volume': 6.9, 'remaining_volume': 6.9, 'executed_volume': 0, 'trades_count': 0, 'reserved_fee': 560.4525, 'remaining_fee': 560.4525, 'paid_fee': 0, 'executed_funds': 0, 'trade_timestamp': None, 'order_timestamp': 1731344446141, 'timestamp': 1731344446250, 'stream_type': 'REALTIME'}
[02:00:56.610][20]빗썸탈출신청(C0105000000391900275) mode:1, 빗썸매수3까지 내려옴. 매수금액(32490.0), 매수2(32520.0)
[02:00:56.610][21]빗썸탈출신청(C0105000000391900278) mode:1, 빗썸매수3까지 내려옴. 매수금액(32490.0), 매수2(32520.0)
[02:00:56.958][20]빗썸탈출신청결과(C0105000000391900275) status_code:200 , {'uuid': 'C0105000000391900275', 'side': 'bid', 'ord_type': 'limit', 'price': '32490', 'state': 'wait', 'market': 'KRW-ETC', 'created_at': '2024-11-12T02:00:45+09:00', 'volume': '25', 'remaining_volume': '25', 'reserved_fee': '2030.625', 'remaining_fee': '2030.625', 'paid_fee': '0', 'locked': '814281.625', 'executed_volume': '0', 'trades_count': 0}
[02:00:56.961][20][bit](BID) 주문상태:cancel, {'type': 'myOrder', 'code': 'KRW-ETC', 'uuid': 'C0105000000391900275', 'ask_bid': 'BID', 'order_type': 'limit', 'state': 'cancel', 'trade_uuid': None, 'price': 32490, 'volume': 25, 'remaining_volume': 25, 'executed_volume': 0, 'trades_count': 0, 'reserved_fee': 2030.625, 'remaining_fee': 2030.625, 'paid_fee': 0, 'executed_funds': 0, 'trade_timestamp': None, 'order_timestamp': 1731344445096, 'timestamp': 1731344456954, 'stream_type': 'REALTIME'}
[02:00:56.962][20]bit33333333333333333 매수취소(C0105000000391900275), {'type': 'myOrder', 'code': 'KRW-ETC', 'uuid': 'C0105000000391900275', 'ask_bid': 'BID', 'order_type': 'limit', 'state': 'cancel', 'trade_uuid': None, 'price': 32490, 'volume': 25, 'remaining_volume': 25, 'executed_volume': 0, 'trades_count': 0, 'reserved_fee': 2030.625, 'remaining_fee': 2030.625, 'paid_fee': 0, 'executed_funds': 0, 'trade_timestamp': None, 'order_timestamp': 1731344445096, 'timestamp': 1731344456954, 'stream_type': 'REALTIME'}
[02:00:56.962][20]bit 4444444444444 쓰레드 정리 isclear isClear(C0105000000391900275), 남은양:25.0, {'type': 'myOrder', 'code': 'KRW-ETC', 'uuid': 'C0105000000391900275', 'ask_bid': 'BID', 'order_type': 'limit', 'state': 'cancel', 'trade_uuid': None, 'price': 32490, 'volume': 25, 'remaining_volume': 25, 'executed_volume': 0, 'trades_count': 0, 'reserved_fee': 2030.625, 'remaining_fee': 2030.625, 'paid_fee': 0, 'executed_funds': 0, 'trade_timestamp': None, 'order_timestamp': 1731344445096, 'timestamp': 1731344456954, 'stream_type': 'REALTIME'}
[02:00:56.963][21][bit](BID) 주문상태:cancel, {'type': 'myOrder', 'code': 'KRW-ETC', 'uuid': 'C0105000000391900278', 'ask_bid': 'BID', 'order_type': 'limit', 'state': 'cancel', 'trade_uuid': None, 'price': 32490, 'volume': 6.9, 'remaining_volume': 6.9, 'executed_volume': 0, 'trades_count': 0, 'reserved_fee': 560.4525, 'remaining_fee': 560.4525, 'paid_fee': 0, 'executed_funds': 0, 'trade_timestamp': None, 'order_timestamp': 1731344446141, 'timestamp': 1731344456955, 'stream_type': 'REALTIME'}
[02:00:56.963][21]bit33333333333333333 매수취소(C0105000000391900278), {'type': 'myOrder', 'code': 'KRW-ETC', 'uuid': 'C0105000000391900278', 'ask_bid': 'BID', 'order_type': 'limit', 'state': 'cancel', 'trade_uuid': None, 'price': 32490, 'volume': 6.9, 'remaining_volume': 6.9, 'executed_volume': 0, 'trades_count': 0, 'reserved_fee': 560.4525, 'remaining_fee': 560.4525, 'paid_fee': 0, 'executed_funds': 0, 'trade_timestamp': None, 'order_timestamp': 1731344446141, 'timestamp': 1731344456955, 'stream_type': 'REALTIME'}
[02:00:56.963][21]bit 4444444444444 쓰레드 정리 isclear isClear(C0105000000391900278), 남은양:6.9, {'type': 'myOrder', 'code': 'KRW-ETC', 'uuid': 'C0105000000391900278', 'ask_bid': 'BID', 'order_type': 'limit', 'state': 'cancel', 'trade_uuid': None, 'price': 32490, 'volume': 6.9, 'remaining_volume': 6.9, 'executed_volume': 0, 'trades_count': 0, 'reserved_fee': 560.4525, 'remaining_fee': 560.4525, 'paid_fee': 0, 'executed_funds': 0, 'trade_timestamp': None, 'order_timestamp': 1731344446141, 'timestamp': 1731344456955, 'stream_type': 'REALTIME'}
[02:00:56.965][21]빗썸탈출신청결과(C0105000000391900278) status_code:200 , {'uuid': 'C0105000000391900278', 'side': 'bid', 'ord_type': 'limit', 'price': '32490', 'state': 'wait', 'market': 'KRW-ETC', 'created_at': '2024-11-12T02:00:46+09:00', 'volume': '6.9', 'remaining_volume': '6.9', 'reserved_fee': '560.4525', 'remaining_fee': '560.4525', 'paid_fee': '0', 'locked': '224742.4525', 'executed_volume': '0', 'trades_count': 0}
[02:00:56.965][MyApi]stop_threads 시작 C0105000000391900275
[02:00:56.966][MyApi]stop_threads 시작 C0105000000391900278
[02:00:56.968]빗썸 [20][MyApi]쓰레드 종료
[02:00:56.968][20] 666666666666666 [MyApi]stop_threads 종료 C0105000000391900275
[02:00:56.973]빗썸 [21][MyApi]쓰레드 종료
[02:00:56.973][21] 666666666666666 [MyApi]stop_threads 종료 C0105000000391900278
[02:00:58.355][bit]프로그램으로 신청한게 아닌거 같음. 확인 필요.C0105000000391900328, wait, {'type': 'myOrder', 'code': 'KRW-ETC', 'uuid': 'C0105000000391900328', 'ask_bid': 'BID', 'order_type': 'limit', 'state': 'wait', 'trade_uuid': None, 'price': 32480, 'volume': 25, 'remaining_volume': 25, 'executed_volume': 0, 'trades_count': 0, 'reserved_fee': 2030, 'remaining_fee': 2030, 'paid_fee': 0, 'executed_funds': 0, 'trade_timestamp': None, 'order_timestamp': 1731344458256, 'timestamp': 1731344458350, 'stream_type': 'REALTIME'}
[02:00:58.361][22]빗썸1111111111111매수신청 완료(C0105000000391900328), mode:1, result:{'uuid': 'C0105000000391900328', 'side': 'bid', 'ord_type': 'limit', 'price': '32480', 'state': 'wait', 'market': 'KRW-ETC', 'created_at': '2024-11-12T02:00:58+09:00', 'volume': '25', 'remaining_volume': '25', 'reserved_fee': '2030', 'remaining_fee': '2030', 'paid_fee': '0', 'locked': '814031', 'executed_volume': '0', 'trades_count': 0}
[02:00:59.326][22]빗썸탈출신청(C0105000000391900328) mode:1, 빗썸매수3까지 내려옴. 매수금액(32480.0), 매수2(32490.0)
[02:00:59.456][23]빗썸1111111111111매수신청 완료(C0105000000391900340), mode:1, result:{'uuid': 'C0105000000391900340', 'side': 'bid', 'ord_type': 'limit', 'price': '32490', 'state': 'wait', 'market': 'KRW-ETC', 'created_at': '2024-11-12T02:00:59+09:00', 'volume': '6.9', 'remaining_volume': '6.9', 'reserved_fee': '560.4525', 'remaining_fee': '560.4525', 'paid_fee': '0', 'locked': '224742.4525', 'executed_volume': '0', 'trades_count': 0}
[02:00:59.487][23][bit](BID) 주문상태:wait, {'type': 'myOrder', 'code': 'KRW-ETC', 'uuid': 'C0105000000391900340', 'ask_bid': 'BID', 'order_type': 'limit', 'state': 'wait', 'trade_uuid': None, 'price': 32490, 'volume': 6.9, 'remaining_volume': 6.9, 'executed_volume': 0, 'trades_count': 0, 'reserved_fee': 560.4525, 'remaining_fee': 560.4525, 'paid_fee': 0, 'executed_funds': 0, 'trade_timestamp': None, 'order_timestamp': 1731344459321, 'timestamp': 1731344459471, 'stream_type': 'REALTIME'}
[02:00:59.489][23]bit22222222222222222 매수대기 (C0105000000391900340),{'type': 'myOrder', 'code': 'KRW-ETC', 'uuid': 'C0105000000391900340', 'ask_bid': 'BID', 'order_type': 'limit', 'state': 'wait', 'trade_uuid': None, 'price': 32490, 'volume': 6.9, 'remaining_volume': 6.9, 'executed_volume': 0, 'trades_count': 0, 'reserved_fee': 560.4525, 'remaining_fee': 560.4525, 'paid_fee': 0, 'executed_funds': 0, 'trade_timestamp': None, 'order_timestamp': 1731344459321, 'timestamp': 1731344459471, 'stream_type': 'REALTIME'}
[02:00:59.733][22]빗썸탈출신청결과(C0105000000391900328) status_code:200 , {'uuid': 'C0105000000391900328', 'side': 'bid', 'ord_type': 'limit', 'price': '32480', 'state': 'wait', 'market': 'KRW-ETC', 'created_at': '2024-11-12T02:00:58+09:00', 'volume': '25', 'remaining_volume': '25', 'reserved_fee': '2030', 'remaining_fee': '2030', 'paid_fee': '0', 'locked': '814031', 'executed_volume': '0', 'trades_count': 0}
[02:00:59.762][22][bit](BID) 주문상태:cancel, {'type': 'myOrder', 'code': 'KRW-ETC', 'uuid': 'C0105000000391900328', 'ask_bid': 'BID', 'order_type': 'limit', 'state': 'cancel', 'trade_uuid': None, 'price': 32480, 'volume': 25, 'remaining_volume': 25, 'executed_volume': 0, 'trades_count': 0, 'reserved_fee': 2030, 'remaining_fee': 2030, 'paid_fee': 0, 'executed_funds': 0, 'trade_timestamp': None, 'order_timestamp': 1731344458256, 'timestamp': 1731344459755, 'stream_type': 'REALTIME'}
[02:00:59.763][22]bit33333333333333333 매수취소(C0105000000391900328), {'type': 'myOrder', 'code': 'KRW-ETC', 'uuid': 'C0105000000391900328', 'ask_bid': 'BID', 'order_type': 'limit', 'state': 'cancel', 'trade_uuid': None, 'price': 32480, 'volume': 25, 'remaining_volume': 25, 'executed_volume': 0, 'trades_count': 0, 'reserved_fee': 2030, 'remaining_fee': 2030, 'paid_fee': 0, 'executed_funds': 0, 'trade_timestamp': None, 'order_timestamp': 1731344458256, 'timestamp': 1731344459755, 'stream_type': 'REALTIME'}
[02:00:59.763][22]bit 4444444444444 쓰레드 정리 isclear isClear(C0105000000391900328), 남은양:25.0, {'type': 'myOrder', 'code': 'KRW-ETC', 'uuid': 'C0105000000391900328', 'ask_bid': 'BID', 'order_type': 'limit', 'state': 'cancel', 'trade_uuid': None, 'price': 32480, 'volume': 25, 'remaining_volume': 25, 'executed_volume': 0, 'trades_count': 0, 'reserved_fee': 2030, 'remaining_fee': 2030, 'paid_fee': 0, 'executed_funds': 0, 'trade_timestamp': None, 'order_timestamp': 1731344458256, 'timestamp': 1731344459755, 'stream_type': 'REALTIME'}
[02:00:59.764][MyApi]stop_threads 시작 C0105000000391900328
[02:00:59.765]빗썸 [22][MyApi]쓰레드 종료
[02:00:59.765][22] 666666666666666 [MyApi]stop_threads 종료 C0105000000391900328
[02:01:00.697][23]빗썸탈출신청(C0105000000391900340) mode:1, 빗썸매수3까지 내려옴. 매수금액(32490.0), 매수2(32500.0)
[02:01:01.004][23]빗썸탈출신청결과(C0105000000391900340) status_code:200 , {'uuid': 'C0105000000391900340', 'side': 'bid', 'ord_type': 'limit', 'price': '32490', 'state': 'wait', 'market': 'KRW-ETC', 'created_at': '2024-11-12T02:00:59+09:00', 'volume': '6.9', 'remaining_volume': '6.9', 'reserved_fee': '560.4525', 'remaining_fee': '560.4525', 'paid_fee': '0', 'locked': '224742.4525', 'executed_volume': '0', 'trades_count': 0}
[02:01:01.023][23][bit](BID) 주문상태:cancel, {'type': 'myOrder', 'code': 'KRW-ETC', 'uuid': 'C0105000000391900340', 'ask_bid': 'BID', 'order_type': 'limit', 'state': 'cancel', 'trade_uuid': None, 'price': 32490, 'volume': 6.9, 'remaining_volume': 6.9, 'executed_volume': 0, 'trades_count': 0, 'reserved_fee': 560.4525, 'remaining_fee': 560.4525, 'paid_fee': 0, 'executed_funds': 0, 'trade_timestamp': None, 'order_timestamp': 1731344459321, 'timestamp': 1731344461010, 'stream_type': 'REALTIME'}
[02:01:01.023][23]bit33333333333333333 매수취소(C0105000000391900340), {'type': 'myOrder', 'code': 'KRW-ETC', 'uuid': 'C0105000000391900340', 'ask_bid': 'BID', 'order_type': 'limit', 'state': 'cancel', 'trade_uuid': None, 'price': 32490, 'volume': 6.9, 'remaining_volume': 6.9, 'executed_volume': 0, 'trades_count': 0, 'reserved_fee': 560.4525, 'remaining_fee': 560.4525, 'paid_fee': 0, 'executed_funds': 0, 'trade_timestamp': None, 'order_timestamp': 1731344459321, 'timestamp': 1731344461010, 'stream_type': 'REALTIME'}
[02:01:01.023][23]bit 4444444444444 쓰레드 정리 isclear isClear(C0105000000391900340), 남은양:6.9, {'type': 'myOrder', 'code': 'KRW-ETC', 'uuid': 'C0105000000391900340', 'ask_bid': 'BID', 'order_type': 'limit', 'state': 'cancel', 'trade_uuid': None, 'price': 32490, 'volume': 6.9, 'remaining_volume': 6.9, 'executed_volume': 0, 'trades_count': 0, 'reserved_fee': 560.4525, 'remaining_fee': 560.4525, 'paid_fee': 0, 'executed_funds': 0, 'trade_timestamp': None, 'order_timestamp': 1731344459321, 'timestamp': 1731344461010, 'stream_type': 'REALTIME'}
[02:01:01.024][MyApi]stop_threads 시작 C0105000000391900340
[02:01:01.028]빗썸 [23][MyApi]쓰레드 종료
[02:01:01.028][23] 666666666666666 [MyApi]stop_threads 종료 C0105000000391900340
[02:01:03.904][24]빗썸1111111111111매수신청 완료(C0105000000391900368), mode:1, result:{'uuid': 'C0105000000391900368', 'side': 'bid', 'ord_type': 'limit', 'price': '32480', 'state': 'wait', 'market': 'KRW-ETC', 'created_at': '2024-11-12T02:01:03+09:00', 'volume': '25', 'remaining_volume': '25', 'reserved_fee': '2030', 'remaining_fee': '2030', 'paid_fee': '0', 'locked': '814031', 'executed_volume': '0', 'trades_count': 0}
[02:01:03.911][24][bit](BID) 주문상태:wait, {'type': 'myOrder', 'code': 'KRW-ETC', 'uuid': 'C0105000000391900368', 'ask_bid': 'BID', 'order_type': 'limit', 'state': 'wait', 'trade_uuid': None, 'price': 32480, 'volume': 25, 'remaining_volume': 25, 'executed_volume': 0, 'trades_count': 0, 'reserved_fee': 2030, 'remaining_fee': 2030, 'paid_fee': 0, 'executed_funds': 0, 'trade_timestamp': None, 'order_timestamp': 1731344463808, 'timestamp': 1731344463903, 'stream_type': 'REALTIME'}
[02:01:03.914][24]bit22222222222222222 매수대기 (C0105000000391900368),{'type': 'myOrder', 'code': 'KRW-ETC', 'uuid': 'C0105000000391900368', 'ask_bid': 'BID', 'order_type': 'limit', 'state': 'wait', 'trade_uuid': None, 'price': 32480, 'volume': 25, 'remaining_volume': 25, 'executed_volume': 0, 'trades_count': 0, 'reserved_fee': 2030, 'remaining_fee': 2030, 'paid_fee': 0, 'executed_funds': 0, 'trade_timestamp': None, 'order_timestamp': 1731344463808, 'timestamp': 1731344463903, 'stream_type': 'REALTIME'}
[02:01:04.859][25]빗썸1111111111111매수신청 완료(C0105000000391900375), mode:1, result:{'uuid': 'C0105000000391900375', 'side': 'bid', 'ord_type': 'limit', 'price': '32490', 'state': 'wait', 'market': 'KRW-ETC', 'created_at': '2024-11-12T02:01:04+09:00', 'volume': '6.9', 'remaining_volume': '6.9', 'reserved_fee': '560.4525', 'remaining_fee': '560.4525', 'paid_fee': '0', 'locked': '224742.4525', 'executed_volume': '0', 'trades_count': 0}
[02:01:05.020][25][bit](BID) 주문상태:wait, {'type': 'myOrder', 'code': 'KRW-ETC', 'uuid': 'C0105000000391900375', 'ask_bid': 'BID', 'order_type': 'limit', 'state': 'wait', 'trade_uuid': None, 'price': 32490, 'volume': 6.9, 'remaining_volume': 6.9, 'executed_volume': 0, 'trades_count': 0, 'reserved_fee': 560.4525, 'remaining_fee': 560.4525, 'paid_fee': 0, 'executed_funds': 0, 'trade_timestamp': None, 'order_timestamp': 1731344464736, 'timestamp': 1731344465012, 'stream_type': 'REALTIME'}
[02:01:05.021][25]bit22222222222222222 매수대기 (C0105000000391900375),{'type': 'myOrder', 'code': 'KRW-ETC', 'uuid': 'C0105000000391900375', 'ask_bid': 'BID', 'order_type': 'limit', 'state': 'wait', 'trade_uuid': None, 'price': 32490, 'volume': 6.9, 'remaining_volume': 6.9, 'executed_volume': 0, 'trades_count': 0, 'reserved_fee': 560.4525, 'remaining_fee': 560.4525, 'paid_fee': 0, 'executed_funds': 0, 'trade_timestamp': None, 'order_timestamp': 1731344464736, 'timestamp': 1731344465012, 'stream_type': 'REALTIME'}
[02:01:05.218][24]빗썸탈출신청(C0105000000391900368) mode:1, 빗썸매수3까지 내려옴. 매수금액(32480.0), 매수2(32490.0)
[02:01:05.572][24]빗썸탈출신청결과(C0105000000391900368) status_code:200 , {'uuid': 'C0105000000391900368', 'side': 'bid', 'ord_type': 'limit', 'price': '32480', 'state': 'wait', 'market': 'KRW-ETC', 'created_at': '2024-11-12T02:01:03+09:00', 'volume': '25', 'remaining_volume': '25', 'reserved_fee': '2030', 'remaining_fee': '2030', 'paid_fee': '0', 'locked': '814031', 'executed_volume': '0', 'trades_count': 0}
[02:01:05.664][24][bit](BID) 주문상태:cancel, {'type': 'myOrder', 'code': 'KRW-ETC', 'uuid': 'C0105000000391900368', 'ask_bid': 'BID', 'order_type': 'limit', 'state': 'cancel', 'trade_uuid': None, 'price': 32480, 'volume': 25, 'remaining_volume': 25, 'executed_volume': 0, 'trades_count': 0, 'reserved_fee': 2030, 'remaining_fee': 2030, 'paid_fee': 0, 'executed_funds': 0, 'trade_timestamp': None, 'order_timestamp': 1731344463808, 'timestamp': 1731344465658, 'stream_type': 'REALTIME'}
[02:01:05.664][24]bit33333333333333333 매수취소(C0105000000391900368), {'type': 'myOrder', 'code': 'KRW-ETC', 'uuid': 'C0105000000391900368', 'ask_bid': 'BID', 'order_type': 'limit', 'state': 'cancel', 'trade_uuid': None, 'price': 32480, 'volume': 25, 'remaining_volume': 25, 'executed_volume': 0, 'trades_count': 0, 'reserved_fee': 2030, 'remaining_fee': 2030, 'paid_fee': 0, 'executed_funds': 0, 'trade_timestamp': None, 'order_timestamp': 1731344463808, 'timestamp': 1731344465658, 'stream_type': 'REALTIME'}
[02:01:05.664][24]bit 4444444444444 쓰레드 정리 isclear isClear(C0105000000391900368), 남은양:25.0, {'type': 'myOrder', 'code': 'KRW-ETC', 'uuid': 'C0105000000391900368', 'ask_bid': 'BID', 'order_type': 'limit', 'state': 'cancel', 'trade_uuid': None, 'price': 32480, 'volume': 25, 'remaining_volume': 25, 'executed_volume': 0, 'trades_count': 0, 'reserved_fee': 2030, 'remaining_fee': 2030, 'paid_fee': 0, 'executed_funds': 0, 'trade_timestamp': None, 'order_timestamp': 1731344463808, 'timestamp': 1731344465658, 'stream_type': 'REALTIME'}
[02:01:05.666][MyApi]stop_threads 시작 C0105000000391900368
[02:01:05.667]빗썸 [24][MyApi]쓰레드 종료
[02:01:05.667][24] 666666666666666 [MyApi]stop_threads 종료 C0105000000391900368
[02:01:07.415][bit]프로그램으로 신청한게 아닌거 같음. 확인 필요.C0105000000391900394, wait, {'type': 'myOrder', 'code': 'KRW-ETC', 'uuid': 'C0105000000391900394', 'ask_bid': 'BID', 'order_type': 'limit', 'state': 'wait', 'trade_uuid': None, 'price': 32500, 'volume': 25, 'remaining_volume': 25, 'executed_volume': 0, 'trades_count': 0, 'reserved_fee': 2031.25, 'remaining_fee': 2031.25, 'paid_fee': 0, 'executed_funds': 0, 'trade_timestamp': None, 'order_timestamp': 1731344467330, 'timestamp': 1731344467406, 'stream_type': 'REALTIME'}
[02:01:07.435][26]빗썸1111111111111매수신청 완료(C0105000000391900394), mode:1, result:{'uuid': 'C0105000000391900394', 'side': 'bid', 'ord_type': 'limit', 'price': '32500', 'state': 'wait', 'market': 'KRW-ETC', 'created_at': '2024-11-12T02:01:07+09:00', 'volume': '25', 'remaining_volume': '25', 'reserved_fee': '2031.25', 'remaining_fee': '2031.25', 'paid_fee': '0', 'locked': '814532.25', 'executed_volume': '0', 'trades_count': 0}
[02:01:07.981][25]빗썸탈출신청(C0105000000391900375) mode:1, 빗썸매수3까지 내려옴. 매수금액(32490.0), 매수2(32500.0)
[02:01:08.309][25]빗썸탈출신청결과(C0105000000391900375) status_code:200 , {'uuid': 'C0105000000391900375', 'side': 'bid', 'ord_type': 'limit', 'price': '32490', 'state': 'wait', 'market': 'KRW-ETC', 'created_at': '2024-11-12T02:01:04+09:00', 'volume': '6.9', 'remaining_volume': '6.9', 'reserved_fee': '560.4525', 'remaining_fee': '560.4525', 'paid_fee': '0', 'locked': '224742.4525', 'executed_volume': '0', 'trades_count': 0}
[02:01:08.369][25][bit](BID) 주문상태:cancel, {'type': 'myOrder', 'code': 'KRW-ETC', 'uuid': 'C0105000000391900375', 'ask_bid': 'BID', 'order_type': 'limit', 'state': 'cancel', 'trade_uuid': None, 'price': 32490, 'volume': 6.9, 'remaining_volume': 6.9, 'executed_volume': 0, 'trades_count': 0, 'reserved_fee': 560.4525, 'remaining_fee': 560.4525, 'paid_fee': 0, 'executed_funds': 0, 'trade_timestamp': None, 'order_timestamp': 1731344464736, 'timestamp': 1731344468361, 'stream_type': 'REALTIME'}
[02:01:08.369][25]bit33333333333333333 매수취소(C0105000000391900375), {'type': 'myOrder', 'code': 'KRW-ETC', 'uuid': 'C0105000000391900375', 'ask_bid': 'BID', 'order_type': 'limit', 'state': 'cancel', 'trade_uuid': None, 'price': 32490, 'volume': 6.9, 'remaining_volume': 6.9, 'executed_volume': 0, 'trades_count': 0, 'reserved_fee': 560.4525, 'remaining_fee': 560.4525, 'paid_fee': 0, 'executed_funds': 0, 'trade_timestamp': None, 'order_timestamp': 1731344464736, 'timestamp': 1731344468361, 'stream_type': 'REALTIME'}
[02:01:08.369][25]bit 4444444444444 쓰레드 정리 isclear isClear(C0105000000391900375), 남은양:6.9, {'type': 'myOrder', 'code': 'KRW-ETC', 'uuid': 'C0105000000391900375', 'ask_bid': 'BID', 'order_type': 'limit', 'state': 'cancel', 'trade_uuid': None, 'price': 32490, 'volume': 6.9, 'remaining_volume': 6.9, 'executed_volume': 0, 'trades_count': 0, 'reserved_fee': 560.4525, 'remaining_fee': 560.4525, 'paid_fee': 0, 'executed_funds': 0, 'trade_timestamp': None, 'order_timestamp': 1731344464736, 'timestamp': 1731344468361, 'stream_type': 'REALTIME'}
[02:01:08.370][MyApi]stop_threads 시작 C0105000000391900375
[02:01:08.371]빗썸 [25][MyApi]쓰레드 종료
[02:01:08.371][25] 666666666666666 [MyApi]stop_threads 종료 C0105000000391900375
[02:01:09.800][26]빗썸탈출신청(C0105000000391900394) mode:1, 빗썸매수3까지 내려옴. 매수금액(32500.0), 매수2(32510.0)
[02:01:10.055][26]빗썸탈출신청결과(C0105000000391900394) status_code:200 , {'uuid': 'C0105000000391900394', 'side': 'bid', 'ord_type': 'limit', 'price': '32500', 'state': 'wait', 'market': 'KRW-ETC', 'created_at': '2024-11-12T02:01:07+09:00', 'volume': '25', 'remaining_volume': '25', 'reserved_fee': '2031.25', 'remaining_fee': '2031.25', 'paid_fee': '0', 'locked': '814532.25', 'executed_volume': '0', 'trades_count': 0}
[02:01:10.069][26]빗썸탈출신청(C0105000000391900394) mode:1, 빗썸매수3까지 내려옴. 매수금액(32500.0), 매수2(32510.0)
[02:01:10.201][26][bit](BID) 주문상태:cancel, {'type': 'myOrder', 'code': 'KRW-ETC', 'uuid': 'C0105000000391900394', 'ask_bid': 'BID', 'order_type': 'limit', 'state': 'cancel', 'trade_uuid': None, 'price': 32500, 'volume': 25, 'remaining_volume': 25, 'executed_volume': 0, 'trades_count': 0, 'reserved_fee': 2031.25, 'remaining_fee': 2031.25, 'paid_fee': 0, 'executed_funds': 0, 'trade_timestamp': None, 'order_timestamp': 1731344467330, 'timestamp': 1731344470193, 'stream_type': 'REALTIME'}
[02:01:10.201][26]bit33333333333333333 매수취소(C0105000000391900394), {'type': 'myOrder', 'code': 'KRW-ETC', 'uuid': 'C0105000000391900394', 'ask_bid': 'BID', 'order_type': 'limit', 'state': 'cancel', 'trade_uuid': None, 'price': 32500, 'volume': 25, 'remaining_volume': 25, 'executed_volume': 0, 'trades_count': 0, 'reserved_fee': 2031.25, 'remaining_fee': 2031.25, 'paid_fee': 0, 'executed_funds': 0, 'trade_timestamp': None, 'order_timestamp': 1731344467330, 'timestamp': 1731344470193, 'stream_type': 'REALTIME'}
[02:01:10.201][26]bit 4444444444444 쓰레드 정리 isclear isClear(C0105000000391900394), 남은양:25.0, {'type': 'myOrder', 'code': 'KRW-ETC', 'uuid': 'C0105000000391900394', 'ask_bid': 'BID', 'order_type': 'limit', 'state': 'cancel', 'trade_uuid': None, 'price': 32500, 'volume': 25, 'remaining_volume': 25, 'executed_volume': 0, 'trades_count': 0, 'reserved_fee': 2031.25, 'remaining_fee': 2031.25, 'paid_fee': 0, 'executed_funds': 0, 'trade_timestamp': None, 'order_timestamp': 1731344467330, 'timestamp': 1731344470193, 'stream_type': 'REALTIME'}
[02:01:10.202][MyApi]stop_threads 시작 C0105000000391900394
[02:01:10.273][26]빗썸탈출신청결과(C0105000000391900394) status_code:404 , {'error': {'name': 'order_not_found', 'message': '주문을 찾지 못했습니다.'}}
[02:01:10.277]빗썸 [26][MyApi]쓰레드 종료
[02:01:10.277][26] 666666666666666 [MyApi]stop_threads 종료 C0105000000391900394
