SELECT * FROM public.member WHERE memid = 1
1
[2024-11-14 00:16:10.278]wsClass,init,USDT,bit
[2024-11-14 00:16:10.279]wsClass,init,USDT,up
[2024-11-14 00:16:10.307]wsClass,connected,USDT,up
[2024-11-14 00:16:10.321]wsPrivateClass,connected,USDT,up
[2024-11-14 00:16:10.486]wsPrivateClass,connected,USDT,bit
[2024-11-14 00:16:10.540]wsClass,connected,USDT,bit
[00:16:11.678][1]빗썸1111111111111매수신청 완료(C0866000000036703843), mode:1, result:{'uuid': 'C0866000000036703843', 'side': 'bid', 'ord_type': 'limit', 'price': '1407', 'state': 'wait', 'market': 'KRW-USDT', 'created_at': '2024-11-14T00:16:11+09:00', 'volume': '3500', 'remaining_volume': '3500', 'reserved_fee': '12311.25', 'remaining_fee': '12311.25', 'paid_fee': '0', 'locked': '4936812.25', 'executed_volume': '0', 'trades_count': 0}
[00:16:11.718][1][bit](BID) 주문상태:wait, {'type': 'myOrder', 'code': 'KRW-USDT', 'uuid': 'C0866000000036703843', 'ask_bid': 'BID', 'order_type': 'limit', 'state': 'wait', 'trade_uuid': None, 'price': 1407, 'volume': 3500, 'remaining_volume': 3500, 'executed_volume': 0, 'trades_count': 0, 'reserved_fee': 12311.25, 'remaining_fee': 12311.25, 'paid_fee': 0, 'executed_funds': 0, 'trade_timestamp': None, 'order_timestamp': 1731510971566, 'timestamp': 1731510971677, 'stream_type': 'REALTIME'}
[00:16:11.721][1]bit22222222222222222 매수대기 (C0866000000036703843),{'type': 'myOrder', 'code': 'KRW-USDT', 'uuid': 'C0866000000036703843', 'ask_bid': 'BID', 'order_type': 'limit', 'state': 'wait', 'trade_uuid': None, 'price': 1407, 'volume': 3500, 'remaining_volume': 3500, 'executed_volume': 0, 'trades_count': 0, 'reserved_fee': 12311.25, 'remaining_fee': 12311.25, 'paid_fee': 0, 'executed_funds': 0, 'trade_timestamp': None, 'order_timestamp': 1731510971566, 'timestamp': 1731510971677, 'stream_type': 'REALTIME'}
[00:16:12.596][2]빗썸1111111111111매수신청 완료(C0866000000036703845), mode:1, result:{'uuid': 'C0866000000036703845', 'side': 'bid', 'ord_type': 'limit', 'price': '1407', 'state': 'wait', 'market': 'KRW-USDT', 'created_at': '2024-11-14T00:16:12+09:00', 'volume': '1498.99', 'remaining_volume': '1498.99', 'reserved_fee': '5272.697325', 'remaining_fee': '5272.697325', 'paid_fee': '0', 'locked': '2114352.627325', 'executed_volume': '0', 'trades_count': 0}
[00:16:12.695][2][bit](BID) 주문상태:wait, {'type': 'myOrder', 'code': 'KRW-USDT', 'uuid': 'C0866000000036703845', 'ask_bid': 'BID', 'order_type': 'limit', 'state': 'wait', 'trade_uuid': None, 'price': 1407, 'volume': 1498.99, 'remaining_volume': 1498.99, 'executed_volume': 0, 'trades_count': 0, 'reserved_fee': 5272.697325, 'remaining_fee': 5272.697325, 'paid_fee': 0, 'executed_funds': 0, 'trade_timestamp': None, 'order_timestamp': 1731510972484, 'timestamp': 1731510972602, 'stream_type': 'REALTIME'}
[00:16:12.696][2]bit22222222222222222 매수대기 (C0866000000036703845),{'type': 'myOrder', 'code': 'KRW-USDT', 'uuid': 'C0866000000036703845', 'ask_bid': 'BID', 'order_type': 'limit', 'state': 'wait', 'trade_uuid': None, 'price': 1407, 'volume': 1498.99, 'remaining_volume': 1498.99, 'executed_volume': 0, 'trades_count': 0, 'reserved_fee': 5272.697325, 'remaining_fee': 5272.697325, 'paid_fee': 0, 'executed_funds': 0, 'trade_timestamp': None, 'order_timestamp': 1731510972484, 'timestamp': 1731510972602, 'stream_type': 'REALTIME'}
[00:16:15.836]kill로 인한 프로그램 종료 시작 [2/5]
[00:16:15.838][1]빗썸탈출신청(C0866000000036703843) mode:1, 빗썸 프로그램 종료로 인한 탈출
[00:16:15.840][2]빗썸탈출신청(C0866000000036703845) mode:1, 빗썸 프로그램 종료로 인한 탈출
[00:16:16.282][2]빗썸탈출신청결과(C0866000000036703845) status_code:200 , {'uuid': 'C0866000000036703845', 'side': 'bid', 'ord_type': 'limit', 'price': '1407', 'state': 'wait', 'market': 'KRW-USDT', 'created_at': '2024-11-14T00:16:12+09:00', 'volume': '1498.99', 'remaining_volume': '1498.99', 'reserved_fee': '5272.697325', 'remaining_fee': '5272.697325', 'paid_fee': '0', 'locked': '2114352.627325', 'executed_volume': '0', 'trades_count': 0}
[00:16:16.286][1]빗썸탈출신청결과(C0866000000036703843) status_code:200 , {'uuid': 'C0866000000036703843', 'side': 'bid', 'ord_type': 'limit', 'price': '1407', 'state': 'wait', 'market': 'KRW-USDT', 'created_at': '2024-11-14T00:16:11+09:00', 'volume': '3500', 'remaining_volume': '3500', 'reserved_fee': '12311.25', 'remaining_fee': '12311.25', 'paid_fee': '0', 'locked': '4936812.25', 'executed_volume': '0', 'trades_count': 0}[00:16:16.286]빗썸 [2][MyApi]쓰레드 종료

[00:16:16.290]빗썸 [1][MyApi]쓰레드 종료
[00:16:16.296][2][bit](BID) 주문상태:cancel, {'type': 'myOrder', 'code': 'KRW-USDT', 'uuid': 'C0866000000036703845', 'ask_bid': 'BID', 'order_type': 'limit', 'state': 'cancel', 'trade_uuid': None, 'price': 1407, 'volume': 1498.99, 'remaining_volume': 1498.99, 'executed_volume': 0, 'trades_count': 0, 'reserved_fee': 5272.697325, 'remaining_fee': 5272.697325, 'paid_fee': 0, 'executed_funds': 0, 'trade_timestamp': None, 'order_timestamp': 1731510972484, 'timestamp': 1731510976256, 'stream_type': 'REALTIME'}
[00:16:16.296][2]bit33333333333333333 매수취소(C0866000000036703845), {'type': 'myOrder', 'code': 'KRW-USDT', 'uuid': 'C0866000000036703845', 'ask_bid': 'BID', 'order_type': 'limit', 'state': 'cancel', 'trade_uuid': None, 'price': 1407, 'volume': 1498.99, 'remaining_volume': 1498.99, 'executed_volume': 0, 'trades_count': 0, 'reserved_fee': 5272.697325, 'remaining_fee': 5272.697325, 'paid_fee': 0, 'executed_funds': 0, 'trade_timestamp': None, 'order_timestamp': 1731510972484, 'timestamp': 1731510976256, 'stream_type': 'REALTIME'}
[00:16:16.296][2]bit 4444444444444 쓰레드 정리 isclear isClear(C0866000000036703845), 남은양:1498.99, {'type': 'myOrder', 'code': 'KRW-USDT', 'uuid': 'C0866000000036703845', 'ask_bid': 'BID', 'order_type': 'limit', 'state': 'cancel', 'trade_uuid': None, 'price': 1407, 'volume': 1498.99, 'remaining_volume': 1498.99, 'executed_volume': 0, 'trades_count': 0, 'reserved_fee': 5272.697325, 'remaining_fee': 5272.697325, 'paid_fee': 0, 'executed_funds': 0, 'trade_timestamp': None, 'order_timestamp': 1731510972484, 'timestamp': 1731510976256, 'stream_type': 'REALTIME'}
[00:16:16.297][MyApi]stop_threads 시작 C0866000000036703845
[00:16:16.297][2] 666666666666666 [MyApi]stop_threads 종료 C0866000000036703845
[2024-11-14 00:16:16.299]wsClass,close,USDT,bit,status_code:None,msg:None
[00:16:16.342][bit]프로그램으로 신청한게 아닌거 같음. 확인 필요.C0866000000036703669, cancel, {'type': 'myOrder', 'code': 'KRW-USDT', 'uuid': 'C0866000000036703669', 'ask_bid': 'BID', 'order_type': 'limit', 'state': 'cancel', 'trade_uuid': None, 'price': 1407, 'volume': 1498.99, 'remaining_volume': 1498.99, 'executed_volume': 0, 'trades_count': 0, 'reserved_fee': 5272.697325, 'remaining_fee': 5272.697325, 'paid_fee': 0, 'executed_funds': 0, 'trade_timestamp': None, 'order_timestamp': 1731510914211, 'timestamp': 1731510976303, 'stream_type': 'REALTIME'}
[00:16:16.342][bit]프로그램으로 신청한게 아닌거 같음. 확인 필요.C0866000000036703657, cancel, {'type': 'myOrder', 'code': 'KRW-USDT', 'uuid': 'C0866000000036703657', 'ask_bid': 'BID', 'order_type': 'limit', 'state': 'cancel', 'trade_uuid': None, 'price': 1407, 'volume': 3500, 'remaining_volume': 3500, 'executed_volume': 0, 'trades_count': 0, 'reserved_fee': 12311.25, 'remaining_fee': 12311.25, 'paid_fee': 0, 'executed_funds': 0, 'trade_timestamp': None, 'order_timestamp': 1731510913217, 'timestamp': 1731510976303, 'stream_type': 'REALTIME'}
[2024-11-14 00:16:16.386]wsClass,close,USDT,up,status_code:None,msg:None
[2024-11-14 00:16:16.404]wsPrivateClass,close,USDT,bitstatus_code:None,msg:None
[00:16:16.480]kill로 인한 프로그램 종료 시작 [2/5]
kill에 의한 종료
[2024-11-14 00:16:26.232]wsPrivateClass,close,USDT,upstatus_code:None,msg:None
SELECT * FROM public.member WHERE memid = 1
1
[2024-11-14 00:22:49.009]wsClass,init,USDT,bit
[2024-11-14 00:22:49.010]wsClass,init,USDT,up
[2024-11-14 00:22:49.044]wsClass,connected,USDT,up
[2024-11-14 00:22:49.218]wsClass,connected,USDT,bit
[2024-11-14 00:22:49.264]wsPrivateClass,connected,USDT,up
[2024-11-14 00:22:49.268]wsPrivateClass,connected,USDT,bit
[00:22:50.099][1]업빗1111111111111매수신청 완료(aac23c7c-0b9d-48ef-a7c1-b2dde6e124e4), mode:1, result:{'uuid': 'aac23c7c-0b9d-48ef-a7c1-b2dde6e124e4', 'side': 'bid', 'ord_type': 'limit', 'price': '1404', 'state': 'wait', 'market': 'KRW-USDT', 'created_at': '2024-11-14T00:22:50+09:00', 'volume': '2634.22321', 'remaining_volume': '2634.22321', 'reserved_fee': '369.844938684', 'remaining_fee': '369.844938684', 'paid_fee': '0', 'locked': '3698819.231778684', 'executed_volume': '0', 'trades_count': 0}
[00:22:50.131][1][up](BID) 주문상태:wait, {'type': 'myOrder', 'code': 'KRW-USDT', 'uuid': 'aac23c7c-0b9d-48ef-a7c1-b2dde6e124e4', 'ask_bid': 'BID', 'order_type': 'limit', 'state': 'wait', 'trade_uuid': None, 'price': 1404, 'avg_price': 0, 'volume': 2634.22321, 'remaining_volume': 2634.22321, 'executed_volume': 0, 'trades_count': 0, 'reserved_fee': 369.844938684, 'remaining_fee': 369.844938684, 'paid_fee': 0, 'locked': 3698819.231778684, 'executed_funds': 0, 'time_in_force': None, 'trade_timestamp': None, 'order_timestamp': 1731511370000, 'timestamp': 1731511370120, 'stream_type': 'REALTIME'}
[00:22:50.132][1]up22222222222222222 매수대기 (aac23c7c-0b9d-48ef-a7c1-b2dde6e124e4),{'type': 'myOrder', 'code': 'KRW-USDT', 'uuid': 'aac23c7c-0b9d-48ef-a7c1-b2dde6e124e4', 'ask_bid': 'BID', 'order_type': 'limit', 'state': 'wait', 'trade_uuid': None, 'price': 1404, 'avg_price': 0, 'volume': 2634.22321, 'remaining_volume': 2634.22321, 'executed_volume': 0, 'trades_count': 0, 'reserved_fee': 369.844938684, 'remaining_fee': 369.844938684, 'paid_fee': 0, 'locked': 3698819.231778684, 'executed_funds': 0, 'time_in_force': None, 'trade_timestamp': None, 'order_timestamp': 1731511370000, 'timestamp': 1731511370120, 'stream_type': 'REALTIME'}
[00:23:02.390][2]업빗1111111111111매수신청 완료(575b11dc-bb45-4a80-9871-bbc35ebf17a5), mode:1, result:{'uuid': '575b11dc-bb45-4a80-9871-bbc35ebf17a5', 'side': 'bid', 'ord_type': 'limit', 'price': '1404', 'state': 'wait', 'market': 'KRW-USDT', 'created_at': '2024-11-14T00:23:02+09:00', 'volume': '390.62696', 'remaining_volume': '390.62696', 'reserved_fee': '54.844025184', 'remaining_fee': '54.844025184', 'paid_fee': '0', 'locked': '548495.095865184', 'executed_volume': '0', 'trades_count': 0}
[00:23:02.406][2][up](BID) 주문상태:wait, {'type': 'myOrder', 'code': 'KRW-USDT', 'uuid': '575b11dc-bb45-4a80-9871-bbc35ebf17a5', 'ask_bid': 'BID', 'order_type': 'limit', 'state': 'wait', 'trade_uuid': None, 'price': 1404, 'avg_price': 0, 'volume': 390.62696, 'remaining_volume': 390.62696, 'executed_volume': 0, 'trades_count': 0, 'reserved_fee': 54.844025184, 'remaining_fee': 54.844025184, 'paid_fee': 0, 'locked': 548495.095865184, 'executed_funds': 0, 'time_in_force': None, 'trade_timestamp': None, 'order_timestamp': 1731511382000, 'timestamp': 1731511382393, 'stream_type': 'REALTIME'}
[00:23:02.408][2]up22222222222222222 매수대기 (575b11dc-bb45-4a80-9871-bbc35ebf17a5),{'type': 'myOrder', 'code': 'KRW-USDT', 'uuid': '575b11dc-bb45-4a80-9871-bbc35ebf17a5', 'ask_bid': 'BID', 'order_type': 'limit', 'state': 'wait', 'trade_uuid': None, 'price': 1404, 'avg_price': 0, 'volume': 390.62696, 'remaining_volume': 390.62696, 'executed_volume': 0, 'trades_count': 0, 'reserved_fee': 54.844025184, 'remaining_fee': 54.844025184, 'paid_fee': 0, 'locked': 548495.095865184, 'executed_funds': 0, 'time_in_force': None, 'trade_timestamp': None, 'order_timestamp': 1731511382000, 'timestamp': 1731511382393, 'stream_type': 'REALTIME'}
[00:23:32.304][2]업빗탈출신청(575b11dc-bb45-4a80-9871-bbc35ebf17a5) mode:1, 최종적으로 수량 부족으로 탈출. 빗썸매수2차익:0.0, BitToUp:0.983, UpToBit:0.982, 남은매수/신청매수:390.62696/390.62696, buy_amount:-709.7413100000001, get_total_units:2634.22321, up_buy1_amount:1924.4819, up_buy2_amount:671457.3313
[00:23:32.305][1]업빗탈출신청(aac23c7c-0b9d-48ef-a7c1-b2dde6e124e4) mode:1, 최종적으로 수량 부족으로 탈출. 빗썸매수2차익:0.0, BitToUp:0.983, UpToBit:0.982, 남은매수/신청매수:2634.22321/2634.22321, buy_amount:1924.4819, get_total_units:0, up_buy1_amount:1924.4819, up_buy2_amount:671457.3313
[00:23:32.455][2]업빗탈출신청결과(575b11dc-bb45-4a80-9871-bbc35ebf17a5) status_code:200 , {'uuid': '575b11dc-bb45-4a80-9871-bbc35ebf17a5', 'side': 'bid', 'ord_type': 'limit', 'price': '1404', 'state': 'wait', 'market': 'KRW-USDT', 'created_at': '2024-11-14T00:23:02+09:00', 'volume': '390.62696', 'remaining_volume': '390.62696', 'reserved_fee': '54.844025184', 'remaining_fee': '54.844025184', 'paid_fee': '0', 'locked': '548495.095865184', 'executed_volume': '0', 'trades_count': 0}
[00:23:32.464][1]업빗탈출신청결과(aac23c7c-0b9d-48ef-a7c1-b2dde6e124e4) status_code:200 , {'uuid': 'aac23c7c-0b9d-48ef-a7c1-b2dde6e124e4', 'side': 'bid', 'ord_type': 'limit', 'price': '1404', 'state': 'wait', 'market': 'KRW-USDT', 'created_at': '2024-11-14T00:22:50+09:00', 'volume': '2634.22321', 'remaining_volume': '2634.22321', 'reserved_fee': '369.844938684', 'remaining_fee': '369.844938684', 'paid_fee': '0', 'locked': '3698819.231778684', 'executed_volume': '0', 'trades_count': 0}
[00:23:32.514][1]업빗탈출신청(aac23c7c-0b9d-48ef-a7c1-b2dde6e124e4) mode:1, 최종적으로 수량 부족으로 탈출. 빗썸매수2차익:0.0, BitToUp:0.983, UpToBit:0.982, 남은매수/신청매수:2634.22321/2634.22321, buy_amount:1924.4819, get_total_units:0, up_buy1_amount:1924.4819, up_buy2_amount:671457.3313
[00:23:32.514][2]업빗탈출신청(575b11dc-bb45-4a80-9871-bbc35ebf17a5) mode:1, 최종적으로 수량 부족으로 탈출. 빗썸매수2차익:0.0, BitToUp:0.983, UpToBit:0.982, 남은매수/신청매수:390.62696/390.62696, buy_amount:-709.7413100000001, get_total_units:2634.22321, up_buy1_amount:1924.4819, up_buy2_amount:671457.3313
[00:23:32.522][1][up](BID) 주문상태:cancel, {'type': 'myOrder', 'code': 'KRW-USDT', 'uuid': 'aac23c7c-0b9d-48ef-a7c1-b2dde6e124e4', 'ask_bid': 'BID', 'order_type': 'limit', 'state': 'cancel', 'trade_uuid': None, 'price': 1404, 'avg_price': 0, 'volume': 2634.22321, 'remaining_volume': 2634.22321, 'executed_volume': 0, 'trades_count': 0, 'reserved_fee': 369.844938684, 'remaining_fee': 369.844938684, 'paid_fee': 0, 'locked': 3698819.231778684, 'executed_funds': 0, 'time_in_force': None, 'trade_timestamp': None, 'order_timestamp': 1731511370000, 'timestamp': 1731511412503, 'stream_type': 'REALTIME'}
[00:23:32.522][1]up33333333333333333 매수취소(aac23c7c-0b9d-48ef-a7c1-b2dde6e124e4), {'type': 'myOrder', 'code': 'KRW-USDT', 'uuid': 'aac23c7c-0b9d-48ef-a7c1-b2dde6e124e4', 'ask_bid': 'BID', 'order_type': 'limit', 'state': 'cancel', 'trade_uuid': None, 'price': 1404, 'avg_price': 0, 'volume': 2634.22321, 'remaining_volume': 2634.22321, 'executed_volume': 0, 'trades_count': 0, 'reserved_fee': 369.844938684, 'remaining_fee': 369.844938684, 'paid_fee': 0, 'locked': 3698819.231778684, 'executed_funds': 0, 'time_in_force': None, 'trade_timestamp': None, 'order_timestamp': 1731511370000, 'timestamp': 1731511412503, 'stream_type': 'REALTIME'}
[00:23:32.522][1]up 4444444444444 쓰레드 정리 isclear isClear(aac23c7c-0b9d-48ef-a7c1-b2dde6e124e4), 남은양:2634.22321, {'type': 'myOrder', 'code': 'KRW-USDT', 'uuid': 'aac23c7c-0b9d-48ef-a7c1-b2dde6e124e4', 'ask_bid': 'BID', 'order_type': 'limit', 'state': 'cancel', 'trade_uuid': None, 'price': 1404, 'avg_price': 0, 'volume': 2634.22321, 'remaining_volume': 2634.22321, 'executed_volume': 0, 'trades_count': 0, 'reserved_fee': 369.844938684, 'remaining_fee': 369.844938684, 'paid_fee': 0, 'locked': 3698819.231778684, 'executed_funds': 0, 'time_in_force': None, 'trade_timestamp': None, 'order_timestamp': 1731511370000, 'timestamp': 1731511412503, 'stream_type': 'REALTIME'}
[00:23:32.527][2][up](BID) 주문상태:cancel, {'type': 'myOrder', 'code': 'KRW-USDT', 'uuid': '575b11dc-bb45-4a80-9871-bbc35ebf17a5', 'ask_bid': 'BID', 'order_type': 'limit', 'state': 'cancel', 'trade_uuid': None, 'price': 1404, 'avg_price': 0, 'volume': 390.62696, 'remaining_volume': 390.62696, 'executed_volume': 0, 'trades_count': 0, 'reserved_fee': 54.844025184, 'remaining_fee': 54.844025184, 'paid_fee': 0, 'locked': 548495.095865184, 'executed_funds': 0, 'time_in_force': None, 'trade_timestamp': None, 'order_timestamp': 1731511382000, 'timestamp': 1731511412504, 'stream_type': 'REALTIME'}
[00:23:32.527][2]up33333333333333333 매수취소(575b11dc-bb45-4a80-9871-bbc35ebf17a5), {'type': 'myOrder', 'code': 'KRW-USDT', 'uuid': '575b11dc-bb45-4a80-9871-bbc35ebf17a5', 'ask_bid': 'BID', 'order_type': 'limit', 'state': 'cancel', 'trade_uuid': None, 'price': 1404, 'avg_price': 0, 'volume': 390.62696, 'remaining_volume': 390.62696, 'executed_volume': 0, 'trades_count': 0, 'reserved_fee': 54.844025184, 'remaining_fee': 54.844025184, 'paid_fee': 0, 'locked': 548495.095865184, 'executed_funds': 0, 'time_in_force': None, 'trade_timestamp': None, 'order_timestamp': 1731511382000, 'timestamp': 1731511412504, 'stream_type': 'REALTIME'}
[00:23:32.527][2]up 4444444444444 쓰레드 정리 isclear isClear(575b11dc-bb45-4a80-9871-bbc35ebf17a5), 남은양:390.62696, {'type': 'myOrder', 'code': 'KRW-USDT', 'uuid': '575b11dc-bb45-4a80-9871-bbc35ebf17a5', 'ask_bid': 'BID', 'order_type': 'limit', 'state': 'cancel', 'trade_uuid': None, 'price': 1404, 'avg_price': 0, 'volume': 390.62696, 'remaining_volume': 390.62696, 'executed_volume': 0, 'trades_count': 0, 'reserved_fee': 54.844025184, 'remaining_fee': 54.844025184, 'paid_fee': 0, 'locked': 548495.095865184, 'executed_funds': 0, 'time_in_force': None, 'trade_timestamp': None, 'order_timestamp': 1731511382000, 'timestamp': 1731511412504, 'stream_type': 'REALTIME'}
[00:23:32.528][MyApi]stop_threads 시작 575b11dc-bb45-4a80-9871-bbc35ebf17a5
[00:23:32.530][MyApi]stop_threads 시작 aac23c7c-0b9d-48ef-a7c1-b2dde6e124e4
[00:23:32.656][1]업빗탈출신청결과(aac23c7c-0b9d-48ef-a7c1-b2dde6e124e4) status_code:400 , {'error': {'message': '이미 취소된 주문입니다.', 'name': 'canceled_order'}}[00:23:32.658][2]업빗탈출신청결과(575b11dc-bb45-4a80-9871-bbc35ebf17a5) status_code:400 , {'error': {'message': '이미 취소된 주문입니다.', 'name': 'canceled_order'}}

[00:23:32.664]업빗 [1][MyApi]쓰레드 종료
[00:23:32.664][1] 666666666666666 [MyApi]stop_threads 종료 aac23c7c-0b9d-48ef-a7c1-b2dde6e124e4
[00:23:32.665]업빗 [2][MyApi]쓰레드 종료
[00:23:32.665][2] 666666666666666 [MyApi]stop_threads 종료 575b11dc-bb45-4a80-9871-bbc35ebf17a5
[00:23:35.383][3]업빗1111111111111매수신청 완료(5185b558-c401-47ba-ab64-46e4be156ce8), mode:1, result:{'uuid': '5185b558-c401-47ba-ab64-46e4be156ce8', 'side': 'bid', 'ord_type': 'limit', 'price': '1404', 'state': 'wait', 'market': 'KRW-USDT', 'created_at': '2024-11-14T00:23:35+09:00', 'volume': '48.2147', 'remaining_volume': '48.2147', 'reserved_fee': '6.76934388', 'remaining_fee': '6.76934388', 'paid_fee': '0', 'locked': '67700.20814388', 'executed_volume': '0', 'trades_count': 0}
[00:23:35.410][3][up](BID) 주문상태:wait, {'type': 'myOrder', 'code': 'KRW-USDT', 'uuid': '5185b558-c401-47ba-ab64-46e4be156ce8', 'ask_bid': 'BID', 'order_type': 'limit', 'state': 'wait', 'trade_uuid': None, 'price': 1404, 'avg_price': 0, 'volume': 48.2147, 'remaining_volume': 48.2147, 'executed_volume': 0, 'trades_count': 0, 'reserved_fee': 6.76934388, 'remaining_fee': 6.76934388, 'paid_fee': 0, 'locked': 67700.20814388, 'executed_funds': 0, 'time_in_force': None, 'trade_timestamp': None, 'order_timestamp': 1731511415000, 'timestamp': 1731511415401, 'stream_type': 'REALTIME'}
[00:23:35.412][3]up22222222222222222 매수대기 (5185b558-c401-47ba-ab64-46e4be156ce8),{'type': 'myOrder', 'code': 'KRW-USDT', 'uuid': '5185b558-c401-47ba-ab64-46e4be156ce8', 'ask_bid': 'BID', 'order_type': 'limit', 'state': 'wait', 'trade_uuid': None, 'price': 1404, 'avg_price': 0, 'volume': 48.2147, 'remaining_volume': 48.2147, 'executed_volume': 0, 'trades_count': 0, 'reserved_fee': 6.76934388, 'remaining_fee': 6.76934388, 'paid_fee': 0, 'locked': 67700.20814388, 'executed_funds': 0, 'time_in_force': None, 'trade_timestamp': None, 'order_timestamp': 1731511415000, 'timestamp': 1731511415401, 'stream_type': 'REALTIME'}
[00:23:36.070][4]업빗1111111111111매수신청 완료(cb27a5ae-3e7d-45c6-967e-7fd02e017672), mode:1, result:{'uuid': 'cb27a5ae-3e7d-45c6-967e-7fd02e017672', 'side': 'bid', 'ord_type': 'limit', 'price': '1404', 'state': 'wait', 'market': 'KRW-USDT', 'created_at': '2024-11-14T00:23:36+09:00', 'volume': '2730.24959', 'remaining_volume': '2730.24959', 'reserved_fee': '383.327042436', 'remaining_fee': '383.327042436', 'paid_fee': '0', 'locked': '3833653.751402436', 'executed_volume': '0', 'trades_count': 0}
[00:23:36.101][4][up](BID) 주문상태:wait, {'type': 'myOrder', 'code': 'KRW-USDT', 'uuid': 'cb27a5ae-3e7d-45c6-967e-7fd02e017672', 'ask_bid': 'BID', 'order_type': 'limit', 'state': 'wait', 'trade_uuid': None, 'price': 1404, 'avg_price': 0, 'volume': 2730.24959, 'remaining_volume': 2730.24959, 'executed_volume': 0, 'trades_count': 0, 'reserved_fee': 383.327042436, 'remaining_fee': 383.327042436, 'paid_fee': 0, 'locked': 3833653.751402436, 'executed_funds': 0, 'time_in_force': None, 'trade_timestamp': None, 'order_timestamp': 1731511416000, 'timestamp': 1731511416087, 'stream_type': 'REALTIME'}
[00:23:36.102][4]up22222222222222222 매수대기 (cb27a5ae-3e7d-45c6-967e-7fd02e017672),{'type': 'myOrder', 'code': 'KRW-USDT', 'uuid': 'cb27a5ae-3e7d-45c6-967e-7fd02e017672', 'ask_bid': 'BID', 'order_type': 'limit', 'state': 'wait', 'trade_uuid': None, 'price': 1404, 'avg_price': 0, 'volume': 2730.24959, 'remaining_volume': 2730.24959, 'executed_volume': 0, 'trades_count': 0, 'reserved_fee': 383.327042436, 'remaining_fee': 383.327042436, 'paid_fee': 0, 'locked': 3833653.751402436, 'executed_funds': 0, 'time_in_force': None, 'trade_timestamp': None, 'order_timestamp': 1731511416000, 'timestamp': 1731511416087, 'stream_type': 'REALTIME'}
[00:23:40.233][4]업빗탈출신청(cb27a5ae-3e7d-45c6-967e-7fd02e017672) mode:1, 최종적으로 수량 부족으로 탈출. 빗썸매수2차익:0.0, BitToUp:0.983, UpToBit:0.982, 남은매수/신청매수:2730.24959/2730.24959, buy_amount:829.6453, get_total_units:48.2147, up_buy1_amount:877.86, up_buy2_amount:682478.8251
[00:23:40.322][4]업빗탈출신청결과(cb27a5ae-3e7d-45c6-967e-7fd02e017672) status_code:200 , {'uuid': 'cb27a5ae-3e7d-45c6-967e-7fd02e017672', 'side': 'bid', 'ord_type': 'limit', 'price': '1404', 'state': 'wait', 'market': 'KRW-USDT', 'created_at': '2024-11-14T00:23:36+09:00', 'volume': '2730.24959', 'remaining_volume': '2730.24959', 'reserved_fee': '383.327042436', 'remaining_fee': '383.327042436', 'paid_fee': '0', 'locked': '3833653.751402436', 'executed_volume': '0', 'trades_count': 0}
[00:23:40.424][4]업빗탈출신청(cb27a5ae-3e7d-45c6-967e-7fd02e017672) mode:1, 최종적으로 수량 부족으로 탈출. 빗썸매수2차익:0.0, BitToUp:0.983, UpToBit:0.982, 남은매수/신청매수:2730.24959/2730.24959, buy_amount:829.6453, get_total_units:48.2147, up_buy1_amount:877.86, up_buy2_amount:682478.8251
[00:23:40.431][4][up](BID) 주문상태:cancel, {'type': 'myOrder', 'code': 'KRW-USDT', 'uuid': 'cb27a5ae-3e7d-45c6-967e-7fd02e017672', 'ask_bid': 'BID', 'order_type': 'limit', 'state': 'cancel', 'trade_uuid': None, 'price': 1404, 'avg_price': 0, 'volume': 2730.24959, 'remaining_volume': 2730.24959, 'executed_volume': 0, 'trades_count': 0, 'reserved_fee': 383.327042436, 'remaining_fee': 383.327042436, 'paid_fee': 0, 'locked': 3833653.751402436, 'executed_funds': 0, 'time_in_force': None, 'trade_timestamp': None, 'order_timestamp': 1731511416000, 'timestamp': 1731511420415, 'stream_type': 'REALTIME'}
[00:23:40.431][4]up33333333333333333 매수취소(cb27a5ae-3e7d-45c6-967e-7fd02e017672), {'type': 'myOrder', 'code': 'KRW-USDT', 'uuid': 'cb27a5ae-3e7d-45c6-967e-7fd02e017672', 'ask_bid': 'BID', 'order_type': 'limit', 'state': 'cancel', 'trade_uuid': None, 'price': 1404, 'avg_price': 0, 'volume': 2730.24959, 'remaining_volume': 2730.24959, 'executed_volume': 0, 'trades_count': 0, 'reserved_fee': 383.327042436, 'remaining_fee': 383.327042436, 'paid_fee': 0, 'locked': 3833653.751402436, 'executed_funds': 0, 'time_in_force': None, 'trade_timestamp': None, 'order_timestamp': 1731511416000, 'timestamp': 1731511420415, 'stream_type': 'REALTIME'}
[00:23:40.431][4]up 4444444444444 쓰레드 정리 isclear isClear(cb27a5ae-3e7d-45c6-967e-7fd02e017672), 남은양:2730.24959, {'type': 'myOrder', 'code': 'KRW-USDT', 'uuid': 'cb27a5ae-3e7d-45c6-967e-7fd02e017672', 'ask_bid': 'BID', 'order_type': 'limit', 'state': 'cancel', 'trade_uuid': None, 'price': 1404, 'avg_price': 0, 'volume': 2730.24959, 'remaining_volume': 2730.24959, 'executed_volume': 0, 'trades_count': 0, 'reserved_fee': 383.327042436, 'remaining_fee': 383.327042436, 'paid_fee': 0, 'locked': 3833653.751402436, 'executed_funds': 0, 'time_in_force': None, 'trade_timestamp': None, 'order_timestamp': 1731511416000, 'timestamp': 1731511420415, 'stream_type': 'REALTIME'}
[00:23:40.433][MyApi]stop_threads 시작 cb27a5ae-3e7d-45c6-967e-7fd02e017672
[00:23:40.510][4]업빗탈출신청결과(cb27a5ae-3e7d-45c6-967e-7fd02e017672) status_code:400 , {'error': {'message': '이미 취소된 주문입니다.', 'name': 'canceled_order'}}
[00:23:40.515]업빗 [4][MyApi]쓰레드 종료
[00:23:40.515][4] 666666666666666 [MyApi]stop_threads 종료 cb27a5ae-3e7d-45c6-967e-7fd02e017672
[00:23:41.006][3]업빗탈출신청(5185b558-c401-47ba-ab64-46e4be156ce8) mode:1, 최종적으로 수량 부족으로 탈출. 빗썸매수2차익:0.0, BitToUp:0.983, UpToBit:0.982, 남은매수/신청매수:48.2147/48.2147, buy_amount:0.0002, get_total_units:0, up_buy1_amount:0.0002, up_buy2_amount:682478.8251
[00:23:41.102][3]업빗탈출신청결과(5185b558-c401-47ba-ab64-46e4be156ce8) status_code:200 , {'uuid': '5185b558-c401-47ba-ab64-46e4be156ce8', 'side': 'bid', 'ord_type': 'limit', 'price': '1404', 'state': 'wait', 'market': 'KRW-USDT', 'created_at': '2024-11-14T00:23:35+09:00', 'volume': '48.2147', 'remaining_volume': '48.2147', 'reserved_fee': '6.76934388', 'remaining_fee': '6.76934388', 'paid_fee': '0', 'locked': '67700.20814388', 'executed_volume': '0', 'trades_count': 0}
[00:23:41.125][3]업빗탈출신청(5185b558-c401-47ba-ab64-46e4be156ce8) mode:1, 최종적으로 수량 부족으로 탈출. 빗썸매수2차익:0.0, BitToUp:0.983, UpToBit:0.982, 남은매수/신청매수:48.2147/48.2147, buy_amount:0.0002, get_total_units:0, up_buy1_amount:0.0002, up_buy2_amount:682478.8251
[00:23:41.191][3][up](BID) 주문상태:cancel, {'type': 'myOrder', 'code': 'KRW-USDT', 'uuid': '5185b558-c401-47ba-ab64-46e4be156ce8', 'ask_bid': 'BID', 'order_type': 'limit', 'state': 'cancel', 'trade_uuid': None, 'price': 1404, 'avg_price': 0, 'volume': 48.2147, 'remaining_volume': 48.2147, 'executed_volume': 0, 'trades_count': 0, 'reserved_fee': 6.76934388, 'remaining_fee': 6.76934388, 'paid_fee': 0, 'locked': 67700.20814388, 'executed_funds': 0, 'time_in_force': None, 'trade_timestamp': None, 'order_timestamp': 1731511415000, 'timestamp': 1731511421179, 'stream_type': 'REALTIME'}
[00:23:41.191][3]up33333333333333333 매수취소(5185b558-c401-47ba-ab64-46e4be156ce8), {'type': 'myOrder', 'code': 'KRW-USDT', 'uuid': '5185b558-c401-47ba-ab64-46e4be156ce8', 'ask_bid': 'BID', 'order_type': 'limit', 'state': 'cancel', 'trade_uuid': None, 'price': 1404, 'avg_price': 0, 'volume': 48.2147, 'remaining_volume': 48.2147, 'executed_volume': 0, 'trades_count': 0, 'reserved_fee': 6.76934388, 'remaining_fee': 6.76934388, 'paid_fee': 0, 'locked': 67700.20814388, 'executed_funds': 0, 'time_in_force': None, 'trade_timestamp': None, 'order_timestamp': 1731511415000, 'timestamp': 1731511421179, 'stream_type': 'REALTIME'}
[00:23:41.191][3]up 4444444444444 쓰레드 정리 isclear isClear(5185b558-c401-47ba-ab64-46e4be156ce8), 남은양:48.2147, {'type': 'myOrder', 'code': 'KRW-USDT', 'uuid': '5185b558-c401-47ba-ab64-46e4be156ce8', 'ask_bid': 'BID', 'order_type': 'limit', 'state': 'cancel', 'trade_uuid': None, 'price': 1404, 'avg_price': 0, 'volume': 48.2147, 'remaining_volume': 48.2147, 'executed_volume': 0, 'trades_count': 0, 'reserved_fee': 6.76934388, 'remaining_fee': 6.76934388, 'paid_fee': 0, 'locked': 67700.20814388, 'executed_funds': 0, 'time_in_force': None, 'trade_timestamp': None, 'order_timestamp': 1731511415000, 'timestamp': 1731511421179, 'stream_type': 'REALTIME'}
[00:23:41.192][MyApi]stop_threads 시작 5185b558-c401-47ba-ab64-46e4be156ce8
[00:23:41.210][3]업빗탈출신청결과(5185b558-c401-47ba-ab64-46e4be156ce8) status_code:400 , {'error': {'message': '이미 취소된 주문입니다.', 'name': 'canceled_order'}}
[00:23:41.214]업빗 [3][MyApi]쓰레드 종료
[00:23:41.214][3] 666666666666666 [MyApi]stop_threads 종료 5185b558-c401-47ba-ab64-46e4be156ce8
[00:23:43.884][5]업빗1111111111111매수신청 완료(4ecb015a-4f86-4234-a168-87aa2b8bb794), mode:1, result:{'uuid': '4ecb015a-4f86-4234-a168-87aa2b8bb794', 'side': 'bid', 'ord_type': 'limit', 'price': '1404', 'state': 'wait', 'market': 'KRW-USDT', 'created_at': '2024-11-14T00:23:43+09:00', 'volume': '2778.44502', 'remaining_volume': '2778.44502', 'reserved_fee': '390.093680808', 'remaining_fee': '390.093680808', 'paid_fee': '0', 'locked': '3901326.901760808', 'executed_volume': '0', 'trades_count': 0}
[00:23:43.911][5][up](BID) 주문상태:wait, {'type': 'myOrder', 'code': 'KRW-USDT', 'uuid': '4ecb015a-4f86-4234-a168-87aa2b8bb794', 'ask_bid': 'BID', 'order_type': 'limit', 'state': 'wait', 'trade_uuid': None, 'price': 1404, 'avg_price': 0, 'volume': 2778.44502, 'remaining_volume': 2778.44502, 'executed_volume': 0, 'trades_count': 0, 'reserved_fee': 390.093680808, 'remaining_fee': 390.093680808, 'paid_fee': 0, 'locked': 3901326.901760808, 'executed_funds': 0, 'time_in_force': None, 'trade_timestamp': None, 'order_timestamp': 1731511423000, 'timestamp': 1731511423899, 'stream_type': 'REALTIME'}
[00:23:43.912][5]up22222222222222222 매수대기 (4ecb015a-4f86-4234-a168-87aa2b8bb794),{'type': 'myOrder', 'code': 'KRW-USDT', 'uuid': '4ecb015a-4f86-4234-a168-87aa2b8bb794', 'ask_bid': 'BID', 'order_type': 'limit', 'state': 'wait', 'trade_uuid': None, 'price': 1404, 'avg_price': 0, 'volume': 2778.44502, 'remaining_volume': 2778.44502, 'executed_volume': 0, 'trades_count': 0, 'reserved_fee': 390.093680808, 'remaining_fee': 390.093680808, 'paid_fee': 0, 'locked': 3901326.901760808, 'executed_funds': 0, 'time_in_force': None, 'trade_timestamp': None, 'order_timestamp': 1731511423000, 'timestamp': 1731511423899, 'stream_type': 'REALTIME'}
[00:23:46.100][5][up](BID) 주문상태:trade, {'type': 'myOrder', 'code': 'KRW-USDT', 'uuid': '4ecb015a-4f86-4234-a168-87aa2b8bb794', 'ask_bid': 'BID', 'order_type': 'limit', 'state': 'trade', 'trade_uuid': '86da2e66-5792-4dde-8107-ab19e82ddd0c', 'price': 1404, 'avg_price': 1404.1404, 'volume': 281.17879975, 'remaining_volume': 2497.26622025, 'executed_volume': 281.17879975, 'trades_count': 1, 'reserved_fee': 390.093680808, 'remaining_fee': 350.6161773231, 'paid_fee': 39.4775034849, 'locked': 3506512.389408323, 'executed_funds': 394775.034849, 'time_in_force': None, 'trade_timestamp': 1731511426049, 'order_timestamp': 1731511423000, 'timestamp': 1731511426092, 'stream_type': 'REALTIME'}
[00:23:46.102][5]up33333333333333333 매수 부분매수(4ecb015a-4f86-4234-a168-87aa2b8bb794), {'type': 'myOrder', 'code': 'KRW-USDT', 'uuid': '4ecb015a-4f86-4234-a168-87aa2b8bb794', 'ask_bid': 'BID', 'order_type': 'limit', 'state': 'trade', 'trade_uuid': '86da2e66-5792-4dde-8107-ab19e82ddd0c', 'price': 1404, 'avg_price': 1404.1404, 'volume': 281.17879975, 'remaining_volume': 2497.26622025, 'executed_volume': 281.17879975, 'trades_count': 1, 'reserved_fee': 390.093680808, 'remaining_fee': 350.6161773231, 'paid_fee': 39.4775034849, 'locked': 3506512.389408323, 'executed_funds': 394775.034849, 'time_in_force': None, 'trade_timestamp': 1731511426049, 'order_timestamp': 1731511423000, 'timestamp': 1731511426092, 'stream_type': 'REALTIME'}
[00:23:46.102][5]SellToMarket(bit) 시작 (4ecb015a-4f86-4234-a168-87aa2b8bb794),{'type': 'myOrder', 'code': 'KRW-USDT', 'uuid': '4ecb015a-4f86-4234-a168-87aa2b8bb794', 'ask_bid': 'BID', 'order_type': 'limit', 'state': 'trade', 'trade_uuid': '86da2e66-5792-4dde-8107-ab19e82ddd0c', 'price': 1404, 'avg_price': 1404.1404, 'volume': 281.17879975, 'remaining_volume': 2497.26622025, 'executed_volume': 281.17879975, 'trades_count': 1, 'reserved_fee': 390.093680808, 'remaining_fee': 350.6161773231, 'paid_fee': 39.4775034849, 'locked': 3506512.389408323, 'executed_funds': 394775.034849, 'time_in_force': None, 'trade_timestamp': 1731511426049, 'order_timestamp': 1731511423000, 'timestamp': 1731511426092, 'stream_type': 'REALTIME'}
[00:23:46.103][5]bit매도직전 
[00:23:46.346][5]bit매도직후2 result:{'uuid': 'C0866000000036705817', 'side': 'ask', 'ord_type': 'market', 'state': 'wait', 'market': 'KRW-USDT', 'created_at': '2024-11-14T00:23:46+09:00', 'volume': '281.17879975', 'remaining_volume': '281.17879975', 'reserved_fee': '0', 'remaining_fee': '0', 'paid_fee': '0', 'locked': '281.17879975', 'executed_volume': '0', 'trades_count': 0} 
[00:23:46.346][5]bit 555555555555555 매도신청 완료 (C0866000000036705817),{'uuid': 'C0866000000036705817', 'side': 'ask', 'ord_type': 'market', 'state': 'wait', 'market': 'KRW-USDT', 'created_at': '2024-11-14T00:23:46+09:00', 'volume': '281.17879975', 'remaining_volume': '281.17879975', 'reserved_fee': '0', 'remaining_fee': '0', 'paid_fee': '0', 'locked': '281.17879975', 'executed_volume': '0', 'trades_count': 0}
[00:23:46.457][5][bit](ASK) 주문상태:done, {'type': 'myOrder', 'code': 'KRW-USDT', 'uuid': 'C0866000000036705817', 'ask_bid': 'ASK', 'order_type': 'market', 'state': 'done', 'trade_uuid': 'C0866000000039753915', 'price': 1405, 'volume': 281.17879975, 'remaining_volume': 0, 'executed_volume': 281.17879975, 'trades_count': 1, 'reserved_fee': 0, 'remaining_fee': 0, 'paid_fee': 0, 'executed_funds': 395056.21364875, 'trade_timestamp': 1731511426286, 'order_timestamp': 1731511426274, 'timestamp': 1731511426419, 'stream_type': 'REALTIME'}
[00:23:46.457][5]bit 77777777777 매도 완료 매수:4ecb015a-4f86-4234-a168-87aa2b8bb794, 매도:(C0866000000036705817), {'type': 'myOrder', 'code': 'KRW-USDT', 'uuid': 'C0866000000036705817', 'ask_bid': 'ASK', 'order_type': 'market', 'state': 'done', 'trade_uuid': 'C0866000000039753915', 'price': 1405, 'volume': 281.17879975, 'remaining_volume': 0, 'executed_volume': 281.17879975, 'trades_count': 1, 'reserved_fee': 0, 'remaining_fee': 0, 'paid_fee': 0, 'executed_funds': 395056.21364875, 'trade_timestamp': 1731511426286, 'order_timestamp': 1731511426274, 'timestamp': 1731511426419, 'stream_type': 'REALTIME'}
[00:23:46.751][5][up](BID) 주문상태:trade, {'type': 'myOrder', 'code': 'KRW-USDT', 'uuid': '4ecb015a-4f86-4234-a168-87aa2b8bb794', 'ask_bid': 'BID', 'order_type': 'limit', 'state': 'trade', 'trade_uuid': '29c0d840-5ed9-437b-93db-d7fc1bc61fe9', 'price': 1404, 'avg_price': 1404.1404, 'volume': 421, 'remaining_volume': 2076.26622025, 'executed_volume': 702.17879975, 'trades_count': 2, 'reserved_fee': 390.093680808, 'remaining_fee': 291.5077773231, 'paid_fee': 98.5859034849, 'locked': 2915369.281008323, 'executed_funds': 985859.034849, 'time_in_force': None, 'trade_timestamp': 1731511426665, 'order_timestamp': 1731511423000, 'timestamp': 1731511426740, 'stream_type': 'REALTIME'}
[00:23:46.752][5]up33333333333333333 매수 부분매수(4ecb015a-4f86-4234-a168-87aa2b8bb794), {'type': 'myOrder', 'code': 'KRW-USDT', 'uuid': '4ecb015a-4f86-4234-a168-87aa2b8bb794', 'ask_bid': 'BID', 'order_type': 'limit', 'state': 'trade', 'trade_uuid': '29c0d840-5ed9-437b-93db-d7fc1bc61fe9', 'price': 1404, 'avg_price': 1404.1404, 'volume': 421, 'remaining_volume': 2076.26622025, 'executed_volume': 702.17879975, 'trades_count': 2, 'reserved_fee': 390.093680808, 'remaining_fee': 291.5077773231, 'paid_fee': 98.5859034849, 'locked': 2915369.281008323, 'executed_funds': 985859.034849, 'time_in_force': None, 'trade_timestamp': 1731511426665, 'order_timestamp': 1731511423000, 'timestamp': 1731511426740, 'stream_type': 'REALTIME'}
[00:23:46.753][5]SellToMarket(bit) 시작 (4ecb015a-4f86-4234-a168-87aa2b8bb794),{'type': 'myOrder', 'code': 'KRW-USDT', 'uuid': '4ecb015a-4f86-4234-a168-87aa2b8bb794', 'ask_bid': 'BID', 'order_type': 'limit', 'state': 'trade', 'trade_uuid': '29c0d840-5ed9-437b-93db-d7fc1bc61fe9', 'price': 1404, 'avg_price': 1404.1404, 'volume': 421, 'remaining_volume': 2076.26622025, 'executed_volume': 702.17879975, 'trades_count': 2, 'reserved_fee': 390.093680808, 'remaining_fee': 291.5077773231, 'paid_fee': 98.5859034849, 'locked': 2915369.281008323, 'executed_funds': 985859.034849, 'time_in_force': None, 'trade_timestamp': 1731511426665, 'order_timestamp': 1731511423000, 'timestamp': 1731511426740, 'stream_type': 'REALTIME'}
[00:23:46.754][5]bit매도직전 
[00:23:47.006][5]bit매도직후2 result:{'uuid': 'C0866000000036705823', 'side': 'ask', 'ord_type': 'market', 'state': 'wait', 'market': 'KRW-USDT', 'created_at': '2024-11-14T00:23:46+09:00', 'volume': '421', 'remaining_volume': '421', 'reserved_fee': '0', 'remaining_fee': '0', 'paid_fee': '0', 'locked': '421', 'executed_volume': '0', 'trades_count': 0} 
[00:23:47.006][5]bit 555555555555555 매도신청 완료 (C0866000000036705823),{'uuid': 'C0866000000036705823', 'side': 'ask', 'ord_type': 'market', 'state': 'wait', 'market': 'KRW-USDT', 'created_at': '2024-11-14T00:23:46+09:00', 'volume': '421', 'remaining_volume': '421', 'reserved_fee': '0', 'remaining_fee': '0', 'paid_fee': '0', 'locked': '421', 'executed_volume': '0', 'trades_count': 0}
[00:23:47.051][5][up](BID) 주문상태:trade, {'type': 'myOrder', 'code': 'KRW-USDT', 'uuid': '4ecb015a-4f86-4234-a168-87aa2b8bb794', 'ask_bid': 'BID', 'order_type': 'limit', 'state': 'trade', 'trade_uuid': 'c5a134b0-469e-4990-a53e-09a0fe05ad23', 'price': 1404, 'avg_price': 1404.1404, 'volume': 42, 'remaining_volume': 2034.26622025, 'executed_volume': 744.17879975, 'trades_count': 3, 'reserved_fee': 390.093680808, 'remaining_fee': 285.6109773231, 'paid_fee': 104.4827034849, 'locked': 2856395.384208323, 'executed_funds': 1044827.034849, 'time_in_force': None, 'trade_timestamp': 1731511427001, 'order_timestamp': 1731511423000, 'timestamp': 1731511427037, 'stream_type': 'REALTIME'}
[00:23:47.052][5]up33333333333333333 매수 부분매수(4ecb015a-4f86-4234-a168-87aa2b8bb794), {'type': 'myOrder', 'code': 'KRW-USDT', 'uuid': '4ecb015a-4f86-4234-a168-87aa2b8bb794', 'ask_bid': 'BID', 'order_type': 'limit', 'state': 'trade', 'trade_uuid': 'c5a134b0-469e-4990-a53e-09a0fe05ad23', 'price': 1404, 'avg_price': 1404.1404, 'volume': 42, 'remaining_volume': 2034.26622025, 'executed_volume': 744.17879975, 'trades_count': 3, 'reserved_fee': 390.093680808, 'remaining_fee': 285.6109773231, 'paid_fee': 104.4827034849, 'locked': 2856395.384208323, 'executed_funds': 1044827.034849, 'time_in_force': None, 'trade_timestamp': 1731511427001, 'order_timestamp': 1731511423000, 'timestamp': 1731511427037, 'stream_type': 'REALTIME'}
[00:23:47.052][5]SellToMarket(bit) 시작 (4ecb015a-4f86-4234-a168-87aa2b8bb794),{'type': 'myOrder', 'code': 'KRW-USDT', 'uuid': '4ecb015a-4f86-4234-a168-87aa2b8bb794', 'ask_bid': 'BID', 'order_type': 'limit', 'state': 'trade', 'trade_uuid': 'c5a134b0-469e-4990-a53e-09a0fe05ad23', 'price': 1404, 'avg_price': 1404.1404, 'volume': 42, 'remaining_volume': 2034.26622025, 'executed_volume': 744.17879975, 'trades_count': 3, 'reserved_fee': 390.093680808, 'remaining_fee': 285.6109773231, 'paid_fee': 104.4827034849, 'locked': 2856395.384208323, 'executed_funds': 1044827.034849, 'time_in_force': None, 'trade_timestamp': 1731511427001, 'order_timestamp': 1731511423000, 'timestamp': 1731511427037, 'stream_type': 'REALTIME'}
[00:23:47.053][5]bit매도직전 
[00:23:47.065][5][bit](ASK) 주문상태:done, {'type': 'myOrder', 'code': 'KRW-USDT', 'uuid': 'C0866000000036705823', 'ask_bid': 'ASK', 'order_type': 'market', 'state': 'done', 'trade_uuid': 'C0866000000039753917', 'price': 1405, 'volume': 421, 'remaining_volume': 0, 'executed_volume': 421, 'trades_count': 1, 'reserved_fee': 0, 'remaining_fee': 0, 'paid_fee': 0, 'executed_funds': 591505, 'trade_timestamp': 1731511426929, 'order_timestamp': 1731511426916, 'timestamp': 1731511427025, 'stream_type': 'REALTIME'}
[00:23:47.065][5]bit 77777777777 매도 완료 매수:4ecb015a-4f86-4234-a168-87aa2b8bb794, 매도:(C0866000000036705823), {'type': 'myOrder', 'code': 'KRW-USDT', 'uuid': 'C0866000000036705823', 'ask_bid': 'ASK', 'order_type': 'market', 'state': 'done', 'trade_uuid': 'C0866000000039753917', 'price': 1405, 'volume': 421, 'remaining_volume': 0, 'executed_volume': 421, 'trades_count': 1, 'reserved_fee': 0, 'remaining_fee': 0, 'paid_fee': 0, 'executed_funds': 591505, 'trade_timestamp': 1731511426929, 'order_timestamp': 1731511426916, 'timestamp': 1731511427025, 'stream_type': 'REALTIME'}
[00:23:47.272][5][up](BID) 주문상태:trade, {'type': 'myOrder', 'code': 'KRW-USDT', 'uuid': '4ecb015a-4f86-4234-a168-87aa2b8bb794', 'ask_bid': 'BID', 'order_type': 'limit', 'state': 'trade', 'trade_uuid': 'e6b43eae-c149-4372-9bc4-5b959aca930e', 'price': 1404, 'avg_price': 1404.1404, 'volume': 2034.26622025, 'remaining_volume': 0, 'executed_volume': 2778.44502, 'trades_count': 4, 'reserved_fee': 390.093680808, 'remaining_fee': 0, 'paid_fee': 390.093680808, 'locked': 0, 'executed_funds': 3900936.80808, 'time_in_force': None, 'trade_timestamp': 1731511427187, 'order_timestamp': 1731511423000, 'timestamp': 1731511427263, 'stream_type': 'REALTIME'}
[00:23:47.273][5][up](BID) 주문상태:done, {'type': 'myOrder', 'code': 'KRW-USDT', 'uuid': '4ecb015a-4f86-4234-a168-87aa2b8bb794', 'ask_bid': 'BID', 'order_type': 'limit', 'state': 'done', 'trade_uuid': None, 'price': 1404, 'avg_price': 1404.1404, 'volume': 2778.44502, 'remaining_volume': 0, 'executed_volume': 2778.44502, 'trades_count': 4, 'reserved_fee': 390.093680808, 'remaining_fee': 0, 'paid_fee': 390.093680808, 'locked': 0, 'executed_funds': 3900936.80808, 'time_in_force': None, 'trade_timestamp': None, 'order_timestamp': 1731511423000, 'timestamp': 1731511427264, 'stream_type': 'REALTIME'}
[00:23:47.274][5]up33333333333333333 매수 부분매수(4ecb015a-4f86-4234-a168-87aa2b8bb794), {'type': 'myOrder', 'code': 'KRW-USDT', 'uuid': '4ecb015a-4f86-4234-a168-87aa2b8bb794', 'ask_bid': 'BID', 'order_type': 'limit', 'state': 'trade', 'trade_uuid': 'e6b43eae-c149-4372-9bc4-5b959aca930e', 'price': 1404, 'avg_price': 1404.1404, 'volume': 2034.26622025, 'remaining_volume': 0, 'executed_volume': 2778.44502, 'trades_count': 4, 'reserved_fee': 390.093680808, 'remaining_fee': 0, 'paid_fee': 390.093680808, 'locked': 0, 'executed_funds': 3900936.80808, 'time_in_force': None, 'trade_timestamp': 1731511427187, 'order_timestamp': 1731511423000, 'timestamp': 1731511427263, 'stream_type': 'REALTIME'}
[00:23:47.275][5]SellToMarket(bit) 시작 (4ecb015a-4f86-4234-a168-87aa2b8bb794),{'type': 'myOrder', 'code': 'KRW-USDT', 'uuid': '4ecb015a-4f86-4234-a168-87aa2b8bb794', 'ask_bid': 'BID', 'order_type': 'limit', 'state': 'trade', 'trade_uuid': 'e6b43eae-c149-4372-9bc4-5b959aca930e', 'price': 1404, 'avg_price': 1404.1404, 'volume': 2034.26622025, 'remaining_volume': 0, 'executed_volume': 2778.44502, 'trades_count': 4, 'reserved_fee': 390.093680808, 'remaining_fee': 0, 'paid_fee': 390.093680808, 'locked': 0, 'executed_funds': 3900936.80808, 'time_in_force': None, 'trade_timestamp': 1731511427187, 'order_timestamp': 1731511423000, 'timestamp': 1731511427263, 'stream_type': 'REALTIME'}
[00:23:47.275][5]up업빗 done이므로 무시.(4ecb015a-4f86-4234-a168-87aa2b8bb794), 체결량:2778.44502, {'type': 'myOrder', 'code': 'KRW-USDT', 'uuid': '4ecb015a-4f86-4234-a168-87aa2b8bb794', 'ask_bid': 'BID', 'order_type': 'limit', 'state': 'done', 'trade_uuid': None, 'price': 1404, 'avg_price': 1404.1404, 'volume': 2778.44502, 'remaining_volume': 0, 'executed_volume': 2778.44502, 'trades_count': 4, 'reserved_fee': 390.093680808, 'remaining_fee': 0, 'paid_fee': 390.093680808, 'locked': 0, 'executed_funds': 3900936.80808, 'time_in_force': None, 'trade_timestamp': None, 'order_timestamp': 1731511423000, 'timestamp': 1731511427264, 'stream_type': 'REALTIME'}
[00:23:47.277][5]bit매도직전 
[00:23:47.314][5]업빗탈출신청(4ecb015a-4f86-4234-a168-87aa2b8bb794) mode:1, 매수하고 남은 양이 너무 적음. 매수되버리면 짜투리 됨 0.0
[00:23:47.342][5]bit매도직후2 result:{'uuid': 'C0866000000036705825', 'side': 'ask', 'ord_type': 'market', 'state': 'wait', 'market': 'KRW-USDT', 'created_at': '2024-11-14T00:23:47+09:00', 'volume': '42', 'remaining_volume': '42', 'reserved_fee': '0', 'remaining_fee': '0', 'paid_fee': '0', 'locked': '42', 'executed_volume': '0', 'trades_count': 0} 
[00:23:47.343][5]bit 555555555555555 매도신청 완료 (C0866000000036705825),{'uuid': 'C0866000000036705825', 'side': 'ask', 'ord_type': 'market', 'state': 'wait', 'market': 'KRW-USDT', 'created_at': '2024-11-14T00:23:47+09:00', 'volume': '42', 'remaining_volume': '42', 'reserved_fee': '0', 'remaining_fee': '0', 'paid_fee': '0', 'locked': '42', 'executed_volume': '0', 'trades_count': 0}
[00:23:47.419][5]업빗탈출신청결과(4ecb015a-4f86-4234-a168-87aa2b8bb794) status_code:400 , {'error': {'name': 'done_order', 'message': '이미 체결된 주문입니다.'}}
[00:23:47.466][5]업빗탈출신청(4ecb015a-4f86-4234-a168-87aa2b8bb794) mode:1, 매수하고 남은 양이 너무 적음. 매수되버리면 짜투리 됨 0.0
[00:23:47.475][5][bit](ASK) 주문상태:done, {'type': 'myOrder', 'code': 'KRW-USDT', 'uuid': 'C0866000000036705825', 'ask_bid': 'ASK', 'order_type': 'market', 'state': 'done', 'trade_uuid': 'C0866000000039753919', 'price': 1405, 'volume': 42, 'remaining_volume': 0, 'executed_volume': 42, 'trades_count': 1, 'reserved_fee': 0, 'remaining_fee': 0, 'paid_fee': 0, 'executed_funds': 59010, 'trade_timestamp': 1731511427276, 'order_timestamp': 1731511427259, 'timestamp': 1731511427435, 'stream_type': 'REALTIME'}
[00:23:47.475][5]bit 77777777777 매도 완료 매수:4ecb015a-4f86-4234-a168-87aa2b8bb794, 매도:(C0866000000036705825), {'type': 'myOrder', 'code': 'KRW-USDT', 'uuid': 'C0866000000036705825', 'ask_bid': 'ASK', 'order_type': 'market', 'state': 'done', 'trade_uuid': 'C0866000000039753919', 'price': 1405, 'volume': 42, 'remaining_volume': 0, 'executed_volume': 42, 'trades_count': 1, 'reserved_fee': 0, 'remaining_fee': 0, 'paid_fee': 0, 'executed_funds': 59010, 'trade_timestamp': 1731511427276, 'order_timestamp': 1731511427259, 'timestamp': 1731511427435, 'stream_type': 'REALTIME'}
[00:23:47.514][5]bit매도직후2 result:{'uuid': 'C0866000000036705826', 'side': 'ask', 'ord_type': 'market', 'state': 'wait', 'market': 'KRW-USDT', 'created_at': '2024-11-14T00:23:47+09:00', 'volume': '2034.26622025', 'remaining_volume': '2034.26622025', 'reserved_fee': '0', 'remaining_fee': '0', 'paid_fee': '0', 'locked': '2034.26622025', 'executed_volume': '0', 'trades_count': 0} 
[00:23:47.514][5]bit 555555555555555 매도신청 완료 (C0866000000036705826),{'uuid': 'C0866000000036705826', 'side': 'ask', 'ord_type': 'market', 'state': 'wait', 'market': 'KRW-USDT', 'created_at': '2024-11-14T00:23:47+09:00', 'volume': '2034.26622025', 'remaining_volume': '2034.26622025', 'reserved_fee': '0', 'remaining_fee': '0', 'paid_fee': '0', 'locked': '2034.26622025', 'executed_volume': '0', 'trades_count': 0}
[00:23:47.518][5]up 4444444444444 쓰레드 정리 isclear isClear(4ecb015a-4f86-4234-a168-87aa2b8bb794), 남은양:0.0, {'type': 'myOrder', 'code': 'KRW-USDT', 'uuid': '4ecb015a-4f86-4234-a168-87aa2b8bb794', 'ask_bid': 'BID', 'order_type': 'limit', 'state': 'trade', 'trade_uuid': 'e6b43eae-c149-4372-9bc4-5b959aca930e', 'price': 1404, 'avg_price': 1404.1404, 'volume': 2034.26622025, 'remaining_volume': 0, 'executed_volume': 2778.44502, 'trades_count': 4, 'reserved_fee': 390.093680808, 'remaining_fee': 0, 'paid_fee': 390.093680808, 'locked': 0, 'executed_funds': 3900936.80808, 'time_in_force': None, 'trade_timestamp': 1731511427187, 'order_timestamp': 1731511423000, 'timestamp': 1731511427263, 'stream_type': 'REALTIME'}
[00:23:47.520][MyApi]stop_threads 시작 4ecb015a-4f86-4234-a168-87aa2b8bb794
[00:23:47.613][5][bit](ASK) 주문상태:done, {'type': 'myOrder', 'code': 'KRW-USDT', 'uuid': 'C0866000000036705826', 'ask_bid': 'ASK', 'order_type': 'market', 'state': 'done', 'trade_uuid': 'C0866000000039753922', 'price': 1405, 'volume': 2034.26622025, 'remaining_volume': 0, 'executed_volume': 2034.26622025, 'trades_count': 1, 'reserved_fee': 0, 'remaining_fee': 0, 'paid_fee': 0, 'executed_funds': 2858144.03945125, 'trade_timestamp': 1731511427462, 'order_timestamp': 1731511427452, 'timestamp': 1731511427573, 'stream_type': 'REALTIME'}
[00:23:47.614][5]bit 77777777777 매도 완료 매수:4ecb015a-4f86-4234-a168-87aa2b8bb794, 매도:(C0866000000036705826), {'type': 'myOrder', 'code': 'KRW-USDT', 'uuid': 'C0866000000036705826', 'ask_bid': 'ASK', 'order_type': 'market', 'state': 'done', 'trade_uuid': 'C0866000000039753922', 'price': 1405, 'volume': 2034.26622025, 'remaining_volume': 0, 'executed_volume': 2034.26622025, 'trades_count': 1, 'reserved_fee': 0, 'remaining_fee': 0, 'paid_fee': 0, 'executed_funds': 2858144.03945125, 'trade_timestamp': 1731511427462, 'order_timestamp': 1731511427452, 'timestamp': 1731511427573, 'stream_type': 'REALTIME'}
[00:23:47.617][5]업빗탈출신청결과(4ecb015a-4f86-4234-a168-87aa2b8bb794) status_code:400 , {'error': {'name': 'done_order', 'message': '이미 체결된 주문입니다.'}}
[00:23:47.629]업빗 [5][MyApi]쓰레드 종료
[00:23:47.629][5] 666666666666666 [MyApi]stop_threads 종료 4ecb015a-4f86-4234-a168-87aa2b8bb794
[00:23:47.630]myOrder error:C0866000000036705826, {'type': 'myOrder', 'code': 'KRW-USDT', 'uuid': 'C0866000000036705826', 'ask_bid': 'ASK', 'order_type': 'market', 'state': 'done', 'trade_uuid': 'C0866000000039753922', 'price': 1405, 'volume': 2034.26622025, 'remaining_volume': 0, 'executed_volume': 2034.26622025, 'trades_count': 1, 'reserved_fee': 0, 'remaining_fee': 0, 'paid_fee': 0, 'executed_funds': 2858144.03945125, 'trade_timestamp': 1731511427462, 'order_timestamp': 1731511427452, 'timestamp': 1731511427573, 'stream_type': 'REALTIME'}, e:Type(<class 'UnboundLocalError'>), Message(No message)
[00:27:26.025][6]업빗1111111111111매수신청 완료(db6f8c19-3caa-429c-a1b5-47b1c6ff593d), mode:1, result:{'uuid': 'db6f8c19-3caa-429c-a1b5-47b1c6ff593d', 'side': 'bid', 'ord_type': 'limit', 'price': '1405', 'state': 'wait', 'market': 'KRW-USDT', 'created_at': '2024-11-14T00:27:25+09:00', 'volume': '1271.68935', 'remaining_volume': '1271.68935', 'reserved_fee': '178.672353675', 'remaining_fee': '178.672353675', 'paid_fee': '0', 'locked': '1786902.209103675', 'executed_volume': '0', 'trades_count': 0}
[00:27:26.060][6][up](BID) 주문상태:wait, {'type': 'myOrder', 'code': 'KRW-USDT', 'uuid': 'db6f8c19-3caa-429c-a1b5-47b1c6ff593d', 'ask_bid': 'BID', 'order_type': 'limit', 'state': 'wait', 'trade_uuid': None, 'price': 1405, 'avg_price': 0, 'volume': 1271.68935, 'remaining_volume': 1271.68935, 'executed_volume': 0, 'trades_count': 0, 'reserved_fee': 178.672353675, 'remaining_fee': 178.672353675, 'paid_fee': 0, 'locked': 1786902.209103675, 'executed_funds': 0, 'time_in_force': None, 'trade_timestamp': None, 'order_timestamp': 1731511645000, 'timestamp': 1731511646047, 'stream_type': 'REALTIME'}
[00:27:26.062][6]up22222222222222222 매수대기 (db6f8c19-3caa-429c-a1b5-47b1c6ff593d),{'type': 'myOrder', 'code': 'KRW-USDT', 'uuid': 'db6f8c19-3caa-429c-a1b5-47b1c6ff593d', 'ask_bid': 'BID', 'order_type': 'limit', 'state': 'wait', 'trade_uuid': None, 'price': 1405, 'avg_price': 0, 'volume': 1271.68935, 'remaining_volume': 1271.68935, 'executed_volume': 0, 'trades_count': 0, 'reserved_fee': 178.672353675, 'remaining_fee': 178.672353675, 'paid_fee': 0, 'locked': 1786902.209103675, 'executed_funds': 0, 'time_in_force': None, 'trade_timestamp': None, 'order_timestamp': 1731511645000, 'timestamp': 1731511646047, 'stream_type': 'REALTIME'}
[00:27:53.999][6]업빗탈출신청(db6f8c19-3caa-429c-a1b5-47b1c6ff593d) mode:1, 차익 부족0.0(0.983)
[00:27:54.135][6]업빗탈출신청결과(db6f8c19-3caa-429c-a1b5-47b1c6ff593d) status_code:200 , {'uuid': 'db6f8c19-3caa-429c-a1b5-47b1c6ff593d', 'side': 'bid', 'ord_type': 'limit', 'price': '1405', 'state': 'wait', 'market': 'KRW-USDT', 'created_at': '2024-11-14T00:27:25+09:00', 'volume': '1271.68935', 'remaining_volume': '1271.68935', 'reserved_fee': '178.672353675', 'remaining_fee': '178.672353675', 'paid_fee': '0', 'locked': '1786902.209103675', 'executed_volume': '0', 'trades_count': 0}
[00:27:54.181][6][up](BID) 주문상태:cancel, {'type': 'myOrder', 'code': 'KRW-USDT', 'uuid': 'db6f8c19-3caa-429c-a1b5-47b1c6ff593d', 'ask_bid': 'BID', 'order_type': 'limit', 'state': 'cancel', 'trade_uuid': None, 'price': 1405, 'avg_price': 0, 'volume': 1271.68935, 'remaining_volume': 1271.68935, 'executed_volume': 0, 'trades_count': 0, 'reserved_fee': 178.672353675, 'remaining_fee': 178.672353675, 'paid_fee': 0, 'locked': 1786902.209103675, 'executed_funds': 0, 'time_in_force': None, 'trade_timestamp': None, 'order_timestamp': 1731511645000, 'timestamp': 1731511674172, 'stream_type': 'REALTIME'}
[00:27:54.181][6]up33333333333333333 매수취소(db6f8c19-3caa-429c-a1b5-47b1c6ff593d), {'type': 'myOrder', 'code': 'KRW-USDT', 'uuid': 'db6f8c19-3caa-429c-a1b5-47b1c6ff593d', 'ask_bid': 'BID', 'order_type': 'limit', 'state': 'cancel', 'trade_uuid': None, 'price': 1405, 'avg_price': 0, 'volume': 1271.68935, 'remaining_volume': 1271.68935, 'executed_volume': 0, 'trades_count': 0, 'reserved_fee': 178.672353675, 'remaining_fee': 178.672353675, 'paid_fee': 0, 'locked': 1786902.209103675, 'executed_funds': 0, 'time_in_force': None, 'trade_timestamp': None, 'order_timestamp': 1731511645000, 'timestamp': 1731511674172, 'stream_type': 'REALTIME'}
[00:27:54.181][6]up 4444444444444 쓰레드 정리 isclear isClear(db6f8c19-3caa-429c-a1b5-47b1c6ff593d), 남은양:1271.68935, {'type': 'myOrder', 'code': 'KRW-USDT', 'uuid': 'db6f8c19-3caa-429c-a1b5-47b1c6ff593d', 'ask_bid': 'BID', 'order_type': 'limit', 'state': 'cancel', 'trade_uuid': None, 'price': 1405, 'avg_price': 0, 'volume': 1271.68935, 'remaining_volume': 1271.68935, 'executed_volume': 0, 'trades_count': 0, 'reserved_fee': 178.672353675, 'remaining_fee': 178.672353675, 'paid_fee': 0, 'locked': 1786902.209103675, 'executed_funds': 0, 'time_in_force': None, 'trade_timestamp': None, 'order_timestamp': 1731511645000, 'timestamp': 1731511674172, 'stream_type': 'REALTIME'}
[00:27:54.182][MyApi]stop_threads 시작 db6f8c19-3caa-429c-a1b5-47b1c6ff593d
[00:27:54.185]업빗 [6][MyApi]쓰레드 종료
[00:27:54.185][6] 666666666666666 [MyApi]stop_threads 종료 db6f8c19-3caa-429c-a1b5-47b1c6ff593d
[00:28:19.300][7]빗썸1111111111111매수신청 완료(C0866000000036706967), mode:1, result:{'uuid': 'C0866000000036706967', 'side': 'bid', 'ord_type': 'limit', 'price': '1405', 'state': 'wait', 'market': 'KRW-USDT', 'created_at': '2024-11-14T00:28:19+09:00', 'volume': '3500', 'remaining_volume': '3500', 'reserved_fee': '12293.75', 'remaining_fee': '12293.75', 'paid_fee': '0', 'locked': '4929794.75', 'executed_volume': '0', 'trades_count': 0}
[00:28:19.348][7][bit](BID) 주문상태:wait, {'type': 'myOrder', 'code': 'KRW-USDT', 'uuid': 'C0866000000036706967', 'ask_bid': 'BID', 'order_type': 'limit', 'state': 'wait', 'trade_uuid': None, 'price': 1405, 'volume': 3500, 'remaining_volume': 3500, 'executed_volume': 0, 'trades_count': 0, 'reserved_fee': 12293.75, 'remaining_fee': 12293.75, 'paid_fee': 0, 'executed_funds': 0, 'trade_timestamp': None, 'order_timestamp': 1731511699208, 'timestamp': 1731511699304, 'stream_type': 'REALTIME'}
[00:28:19.350][7]bit22222222222222222 매수대기 (C0866000000036706967),{'type': 'myOrder', 'code': 'KRW-USDT', 'uuid': 'C0866000000036706967', 'ask_bid': 'BID', 'order_type': 'limit', 'state': 'wait', 'trade_uuid': None, 'price': 1405, 'volume': 3500, 'remaining_volume': 3500, 'executed_volume': 0, 'trades_count': 0, 'reserved_fee': 12293.75, 'remaining_fee': 12293.75, 'paid_fee': 0, 'executed_funds': 0, 'trade_timestamp': None, 'order_timestamp': 1731511699208, 'timestamp': 1731511699304, 'stream_type': 'REALTIME'}
[00:28:20.072][8]빗썸1111111111111매수신청 완료(C0866000000036706970), mode:1, result:{'uuid': 'C0866000000036706970', 'side': 'bid', 'ord_type': 'limit', 'price': '1405', 'state': 'wait', 'market': 'KRW-USDT', 'created_at': '2024-11-14T00:28:20+09:00', 'volume': '3500', 'remaining_volume': '3500', 'reserved_fee': '12293.75', 'remaining_fee': '12293.75', 'paid_fee': '0', 'locked': '4929794.75', 'executed_volume': '0', 'trades_count': 0}
[00:28:20.140][8][bit](BID) 주문상태:wait, {'type': 'myOrder', 'code': 'KRW-USDT', 'uuid': 'C0866000000036706970', 'ask_bid': 'BID', 'order_type': 'limit', 'state': 'wait', 'trade_uuid': None, 'price': 1405, 'volume': 3500, 'remaining_volume': 3500, 'executed_volume': 0, 'trades_count': 0, 'reserved_fee': 12293.75, 'remaining_fee': 12293.75, 'paid_fee': 0, 'executed_funds': 0, 'trade_timestamp': None, 'order_timestamp': 1731511700007, 'timestamp': 1731511700102, 'stream_type': 'REALTIME'}
[00:28:20.141][8]bit22222222222222222 매수대기 (C0866000000036706970),{'type': 'myOrder', 'code': 'KRW-USDT', 'uuid': 'C0866000000036706970', 'ask_bid': 'BID', 'order_type': 'limit', 'state': 'wait', 'trade_uuid': None, 'price': 1405, 'volume': 3500, 'remaining_volume': 3500, 'executed_volume': 0, 'trades_count': 0, 'reserved_fee': 12293.75, 'remaining_fee': 12293.75, 'paid_fee': 0, 'executed_funds': 0, 'trade_timestamp': None, 'order_timestamp': 1731511700007, 'timestamp': 1731511700102, 'stream_type': 'REALTIME'}
[00:28:20.870][9]빗썸1111111111111매수신청 완료(C0866000000036706976), mode:1, result:{'uuid': 'C0866000000036706976', 'side': 'bid', 'ord_type': 'limit', 'price': '1405', 'state': 'wait', 'market': 'KRW-USDT', 'created_at': '2024-11-14T00:28:20+09:00', 'volume': '777.43', 'remaining_volume': '777.43', 'reserved_fee': '2730.722875', 'remaining_fee': '2730.722875', 'paid_fee': '0', 'locked': '1095020.872875', 'executed_volume': '0', 'trades_count': 0}
[00:28:20.961][9][bit](BID) 주문상태:wait, {'type': 'myOrder', 'code': 'KRW-USDT', 'uuid': 'C0866000000036706976', 'ask_bid': 'BID', 'order_type': 'limit', 'state': 'wait', 'trade_uuid': None, 'price': 1405, 'volume': 777.43, 'remaining_volume': 777.43, 'executed_volume': 0, 'trades_count': 0, 'reserved_fee': 2730.722875, 'remaining_fee': 2730.722875, 'paid_fee': 0, 'executed_funds': 0, 'trade_timestamp': None, 'order_timestamp': 1731511700795, 'timestamp': 1731511700921, 'stream_type': 'REALTIME'}
[00:28:20.962][9]bit22222222222222222 매수대기 (C0866000000036706976),{'type': 'myOrder', 'code': 'KRW-USDT', 'uuid': 'C0866000000036706976', 'ask_bid': 'BID', 'order_type': 'limit', 'state': 'wait', 'trade_uuid': None, 'price': 1405, 'volume': 777.43, 'remaining_volume': 777.43, 'executed_volume': 0, 'trades_count': 0, 'reserved_fee': 2730.722875, 'remaining_fee': 2730.722875, 'paid_fee': 0, 'executed_funds': 0, 'trade_timestamp': None, 'order_timestamp': 1731511700795, 'timestamp': 1731511700921, 'stream_type': 'REALTIME'}
[00:28:29.714][9]빗썸탈출신청(C0866000000036706976) mode:1, 최종적으로 수량 부족으로 탈출. 업빗매수2차익:0.0, BitToUp:0.983, UpToBit:0.984, 남은매수/신청매수:777.43/777.43, buy_amount:-3094.89857978, get_total_units:7000.0, up_buy1_amount:3905.10142022, up_buy2_amount:871127.36376928
[00:28:29.714][8]빗썸탈출신청(C0866000000036706970) mode:1, 최종적으로 수량 부족으로 탈출. 업빗매수2차익:0.0, BitToUp:0.983, UpToBit:0.984, 남은매수/신청매수:3500.0/3500.0, buy_amount:405.1014202199999, get_total_units:3500.0, up_buy1_amount:3905.10142022, up_buy2_amount:871127.36376928
[00:28:30.004][8]빗썸탈출신청결과(C0866000000036706970) status_code:200 , {'uuid': 'C0866000000036706970', 'side': 'bid', 'ord_type': 'limit', 'price': '1405', 'state': 'wait', 'market': 'KRW-USDT', 'created_at': '2024-11-14T00:28:20+09:00', 'volume': '3500', 'remaining_volume': '3500', 'reserved_fee': '12293.75', 'remaining_fee': '12293.75', 'paid_fee': '0', 'locked': '4929794.75', 'executed_volume': '0', 'trades_count': 0}
[00:28:30.025][7]빗썸탈출신청(C0866000000036706967) mode:1, 최종적으로 수량 부족으로 탈출. 업빗매수2차익:0.0, BitToUp:0.983, UpToBit:0.984, 남은매수/신청매수:3500.0/3500.0, buy_amount:2140.10142022, get_total_units:0, up_buy1_amount:2140.10142022, up_buy2_amount:871697.21354586
[00:28:30.027][9]빗썸탈출신청결과(C0866000000036706976) status_code:200 , {'uuid': 'C0866000000036706976', 'side': 'bid', 'ord_type': 'limit', 'price': '1405', 'state': 'wait', 'market': 'KRW-USDT', 'created_at': '2024-11-14T00:28:20+09:00', 'volume': '777.43', 'remaining_volume': '777.43', 'reserved_fee': '2730.722875', 'remaining_fee': '2730.722875', 'paid_fee': '0', 'locked': '1095020.872875', 'executed_volume': '0', 'trades_count': 0}[00:28:30.028][8]빗썸탈출신청(C0866000000036706970) mode:1, 최종적으로 수량 부족으로 탈출. 업빗매수2차익:0.0, BitToUp:0.983, UpToBit:0.984, 남은매수/신청매수:3500.0/3500.0, buy_amount:-1359.89857978, get_total_units:3500.0, up_buy1_amount:2140.10142022, up_buy2_amount:871697.21354586

[00:28:30.106][8][bit](BID) 주문상태:cancel, {'type': 'myOrder', 'code': 'KRW-USDT', 'uuid': 'C0866000000036706970', 'ask_bid': 'BID', 'order_type': 'limit', 'state': 'cancel', 'trade_uuid': None, 'price': 1405, 'volume': 3500, 'remaining_volume': 3500, 'executed_volume': 0, 'trades_count': 0, 'reserved_fee': 12293.75, 'remaining_fee': 12293.75, 'paid_fee': 0, 'executed_funds': 0, 'trade_timestamp': None, 'order_timestamp': 1731511700007, 'timestamp': 1731511710054, 'stream_type': 'REALTIME'}
[00:28:30.106][8]bit33333333333333333 매수취소(C0866000000036706970), {'type': 'myOrder', 'code': 'KRW-USDT', 'uuid': 'C0866000000036706970', 'ask_bid': 'BID', 'order_type': 'limit', 'state': 'cancel', 'trade_uuid': None, 'price': 1405, 'volume': 3500, 'remaining_volume': 3500, 'executed_volume': 0, 'trades_count': 0, 'reserved_fee': 12293.75, 'remaining_fee': 12293.75, 'paid_fee': 0, 'executed_funds': 0, 'trade_timestamp': None, 'order_timestamp': 1731511700007, 'timestamp': 1731511710054, 'stream_type': 'REALTIME'}
[00:28:30.106][8]bit 4444444444444 쓰레드 정리 isclear isClear(C0866000000036706970), 남은양:3500.0, {'type': 'myOrder', 'code': 'KRW-USDT', 'uuid': 'C0866000000036706970', 'ask_bid': 'BID', 'order_type': 'limit', 'state': 'cancel', 'trade_uuid': None, 'price': 1405, 'volume': 3500, 'remaining_volume': 3500, 'executed_volume': 0, 'trades_count': 0, 'reserved_fee': 12293.75, 'remaining_fee': 12293.75, 'paid_fee': 0, 'executed_funds': 0, 'trade_timestamp': None, 'order_timestamp': 1731511700007, 'timestamp': 1731511710054, 'stream_type': 'REALTIME'}
[00:28:30.107][MyApi]stop_threads 시작 C0866000000036706970
[00:28:30.107][9]빗썸탈출신청(C0866000000036706976) mode:1, 최종적으로 수량 부족으로 탈출. 업빗매수2차익:0.0, BitToUp:0.983, UpToBit:0.984, 남은매수/신청매수:777.43/777.43, buy_amount:-4859.89857978, get_total_units:7000.0, up_buy1_amount:2140.10142022, up_buy2_amount:871697.21354586
[00:28:30.178][9][bit](BID) 주문상태:cancel, {'type': 'myOrder', 'code': 'KRW-USDT', 'uuid': 'C0866000000036706976', 'ask_bid': 'BID', 'order_type': 'limit', 'state': 'cancel', 'trade_uuid': None, 'price': 1405, 'volume': 777.43, 'remaining_volume': 777.43, 'executed_volume': 0, 'trades_count': 0, 'reserved_fee': 2730.722875, 'remaining_fee': 2730.722875, 'paid_fee': 0, 'executed_funds': 0, 'trade_timestamp': None, 'order_timestamp': 1731511700795, 'timestamp': 1731511710101, 'stream_type': 'REALTIME'}
[00:28:30.178][9]bit33333333333333333 매수취소(C0866000000036706976), {'type': 'myOrder', 'code': 'KRW-USDT', 'uuid': 'C0866000000036706976', 'ask_bid': 'BID', 'order_type': 'limit', 'state': 'cancel', 'trade_uuid': None, 'price': 1405, 'volume': 777.43, 'remaining_volume': 777.43, 'executed_volume': 0, 'trades_count': 0, 'reserved_fee': 2730.722875, 'remaining_fee': 2730.722875, 'paid_fee': 0, 'executed_funds': 0, 'trade_timestamp': None, 'order_timestamp': 1731511700795, 'timestamp': 1731511710101, 'stream_type': 'REALTIME'}
[00:28:30.179][9]bit 4444444444444 쓰레드 정리 isclear isClear(C0866000000036706976), 남은양:777.43, {'type': 'myOrder', 'code': 'KRW-USDT', 'uuid': 'C0866000000036706976', 'ask_bid': 'BID', 'order_type': 'limit', 'state': 'cancel', 'trade_uuid': None, 'price': 1405, 'volume': 777.43, 'remaining_volume': 777.43, 'executed_volume': 0, 'trades_count': 0, 'reserved_fee': 2730.722875, 'remaining_fee': 2730.722875, 'paid_fee': 0, 'executed_funds': 0, 'trade_timestamp': None, 'order_timestamp': 1731511700795, 'timestamp': 1731511710101, 'stream_type': 'REALTIME'}
[00:28:30.180][MyApi]stop_threads 시작 C0866000000036706976
[00:28:30.374][7]빗썸탈출신청결과(C0866000000036706967) status_code:200 , {'uuid': 'C0866000000036706967', 'side': 'bid', 'ord_type': 'limit', 'price': '1405', 'state': 'wait', 'market': 'KRW-USDT', 'created_at': '2024-11-14T00:28:19+09:00', 'volume': '3500', 'remaining_volume': '3500', 'reserved_fee': '12293.75', 'remaining_fee': '12293.75', 'paid_fee': '0', 'locked': '4929794.75', 'executed_volume': '0', 'trades_count': 0}
[00:28:30.377][8]빗썸탈출신청결과(C0866000000036706970) status_code:404 , {'error': {'name': 'order_not_found', 'message': '주문을 찾지 못했습니다.'}}
[00:28:30.386]빗썸 [8][MyApi]쓰레드 종료
[00:28:30.386][8] 666666666666666 [MyApi]stop_threads 종료 C0866000000036706970
[00:28:30.454][7][bit](BID) 주문상태:cancel, {'type': 'myOrder', 'code': 'KRW-USDT', 'uuid': 'C0866000000036706967', 'ask_bid': 'BID', 'order_type': 'limit', 'state': 'cancel', 'trade_uuid': None, 'price': 1405, 'volume': 3500, 'remaining_volume': 3500, 'executed_volume': 0, 'trades_count': 0, 'reserved_fee': 12293.75, 'remaining_fee': 12293.75, 'paid_fee': 0, 'executed_funds': 0, 'trade_timestamp': None, 'order_timestamp': 1731511699208, 'timestamp': 1731511710413, 'stream_type': 'REALTIME'}
[00:28:30.454][7]bit33333333333333333 매수취소(C0866000000036706967), {'type': 'myOrder', 'code': 'KRW-USDT', 'uuid': 'C0866000000036706967', 'ask_bid': 'BID', 'order_type': 'limit', 'state': 'cancel', 'trade_uuid': None, 'price': 1405, 'volume': 3500, 'remaining_volume': 3500, 'executed_volume': 0, 'trades_count': 0, 'reserved_fee': 12293.75, 'remaining_fee': 12293.75, 'paid_fee': 0, 'executed_funds': 0, 'trade_timestamp': None, 'order_timestamp': 1731511699208, 'timestamp': 1731511710413, 'stream_type': 'REALTIME'}
[00:28:30.454][7]bit 4444444444444 쓰레드 정리 isclear isClear(C0866000000036706967), 남은양:3500.0, {'type': 'myOrder', 'code': 'KRW-USDT', 'uuid': 'C0866000000036706967', 'ask_bid': 'BID', 'order_type': 'limit', 'state': 'cancel', 'trade_uuid': None, 'price': 1405, 'volume': 3500, 'remaining_volume': 3500, 'executed_volume': 0, 'trades_count': 0, 'reserved_fee': 12293.75, 'remaining_fee': 12293.75, 'paid_fee': 0, 'executed_funds': 0, 'trade_timestamp': None, 'order_timestamp': 1731511699208, 'timestamp': 1731511710413, 'stream_type': 'REALTIME'}
[00:28:30.456][MyApi]stop_threads 시작 C0866000000036706967
[00:28:30.458]빗썸 [7][MyApi]쓰레드 종료
[00:28:30.459][7] 666666666666666 [MyApi]stop_threads 종료 C0866000000036706967
[00:28:30.499][9]빗썸탈출신청결과(C0866000000036706976) status_code:404 , {'error': {'name': 'order_not_found', 'message': '주문을 찾지 못했습니다.'}}
[00:28:30.504]빗썸 [9][MyApi]쓰레드 종료
[00:28:30.505][9] 666666666666666 [MyApi]stop_threads 종료 C0866000000036706976
[00:31:56.578][10]빗썸1111111111111매수신청 완료(C0866000000036707392), mode:1, result:{'uuid': 'C0866000000036707392', 'side': 'bid', 'ord_type': 'limit', 'price': '1406', 'state': 'wait', 'market': 'KRW-USDT', 'created_at': '2024-11-14T00:31:56+09:00', 'volume': '3500', 'remaining_volume': '3500', 'reserved_fee': '12302.5', 'remaining_fee': '12302.5', 'paid_fee': '0', 'locked': '4933303.5', 'executed_volume': '0', 'trades_count': 0}
[00:31:56.696][10][bit](BID) 주문상태:wait, {'type': 'myOrder', 'code': 'KRW-USDT', 'uuid': 'C0866000000036707392', 'ask_bid': 'BID', 'order_type': 'limit', 'state': 'wait', 'trade_uuid': None, 'price': 1406, 'volume': 3500, 'remaining_volume': 3500, 'executed_volume': 0, 'trades_count': 0, 'reserved_fee': 12302.5, 'remaining_fee': 12302.5, 'paid_fee': 0, 'executed_funds': 0, 'trade_timestamp': None, 'order_timestamp': 1731511916509, 'timestamp': 1731511916658, 'stream_type': 'REALTIME'}
[00:31:56.697][10]bit22222222222222222 매수대기 (C0866000000036707392),{'type': 'myOrder', 'code': 'KRW-USDT', 'uuid': 'C0866000000036707392', 'ask_bid': 'BID', 'order_type': 'limit', 'state': 'wait', 'trade_uuid': None, 'price': 1406, 'volume': 3500, 'remaining_volume': 3500, 'executed_volume': 0, 'trades_count': 0, 'reserved_fee': 12302.5, 'remaining_fee': 12302.5, 'paid_fee': 0, 'executed_funds': 0, 'trade_timestamp': None, 'order_timestamp': 1731511916509, 'timestamp': 1731511916658, 'stream_type': 'REALTIME'}
[00:31:57.585][11]빗썸1111111111111매수신청 완료(C0866000000036707400), mode:1, result:{'uuid': 'C0866000000036707400', 'side': 'bid', 'ord_type': 'limit', 'price': '1406', 'state': 'wait', 'market': 'KRW-USDT', 'created_at': '2024-11-14T00:31:57+09:00', 'volume': '3500', 'remaining_volume': '3500', 'reserved_fee': '12302.5', 'remaining_fee': '12302.5', 'paid_fee': '0', 'locked': '4933303.5', 'executed_volume': '0', 'trades_count': 0}
[00:31:57.747][11][bit](BID) 주문상태:wait, {'type': 'myOrder', 'code': 'KRW-USDT', 'uuid': 'C0866000000036707400', 'ask_bid': 'BID', 'order_type': 'limit', 'state': 'wait', 'trade_uuid': None, 'price': 1406, 'volume': 3500, 'remaining_volume': 3500, 'executed_volume': 0, 'trades_count': 0, 'reserved_fee': 12302.5, 'remaining_fee': 12302.5, 'paid_fee': 0, 'executed_funds': 0, 'trade_timestamp': None, 'order_timestamp': 1731511917488, 'timestamp': 1731511917709, 'stream_type': 'REALTIME'}
[00:31:57.748][11]bit22222222222222222 매수대기 (C0866000000036707400),{'type': 'myOrder', 'code': 'KRW-USDT', 'uuid': 'C0866000000036707400', 'ask_bid': 'BID', 'order_type': 'limit', 'state': 'wait', 'trade_uuid': None, 'price': 1406, 'volume': 3500, 'remaining_volume': 3500, 'executed_volume': 0, 'trades_count': 0, 'reserved_fee': 12302.5, 'remaining_fee': 12302.5, 'paid_fee': 0, 'executed_funds': 0, 'trade_timestamp': None, 'order_timestamp': 1731511917488, 'timestamp': 1731511917709, 'stream_type': 'REALTIME'}
[00:31:58.355][12]빗썸1111111111111매수신청 완료(C0866000000036707403), mode:1, result:{'uuid': 'C0866000000036707403', 'side': 'bid', 'ord_type': 'limit', 'price': '1406', 'state': 'wait', 'market': 'KRW-USDT', 'created_at': '2024-11-14T00:31:58+09:00', 'volume': '777.43', 'remaining_volume': '777.43', 'reserved_fee': '2732.66645', 'remaining_fee': '2732.66645', 'paid_fee': '0', 'locked': '1095800.24645', 'executed_volume': '0', 'trades_count': 0}
[00:31:58.448][12][bit](BID) 주문상태:wait, {'type': 'myOrder', 'code': 'KRW-USDT', 'uuid': 'C0866000000036707403', 'ask_bid': 'BID', 'order_type': 'limit', 'state': 'wait', 'trade_uuid': None, 'price': 1406, 'volume': 777.43, 'remaining_volume': 777.43, 'executed_volume': 0, 'trades_count': 0, 'reserved_fee': 2732.66645, 'remaining_fee': 2732.66645, 'paid_fee': 0, 'executed_funds': 0, 'trade_timestamp': None, 'order_timestamp': 1731511918292, 'timestamp': 1731511918409, 'stream_type': 'REALTIME'}
[00:31:58.450][12]bit22222222222222222 매수대기 (C0866000000036707403),{'type': 'myOrder', 'code': 'KRW-USDT', 'uuid': 'C0866000000036707403', 'ask_bid': 'BID', 'order_type': 'limit', 'state': 'wait', 'trade_uuid': None, 'price': 1406, 'volume': 777.43, 'remaining_volume': 777.43, 'executed_volume': 0, 'trades_count': 0, 'reserved_fee': 2732.66645, 'remaining_fee': 2732.66645, 'paid_fee': 0, 'executed_funds': 0, 'trade_timestamp': None, 'order_timestamp': 1731511918292, 'timestamp': 1731511918409, 'stream_type': 'REALTIME'}
[00:32:28.534][11]빗썸탈출신청(C0866000000036707400) mode:1, 차익 부족0.0(0.984)
[00:32:28.534][12]빗썸탈출신청(C0866000000036707403) mode:1, 차익 부족0.0(0.984)
[00:32:28.535][10]빗썸탈출신청(C0866000000036707392) mode:1, 차익 부족0.0(0.984)
[00:32:28.817][10]빗썸탈출신청결과(C0866000000036707392) status_code:200 , {'uuid': 'C0866000000036707392', 'side': 'bid', 'ord_type': 'limit', 'price': '1406', 'state': 'wait', 'market': 'KRW-USDT', 'created_at': '2024-11-14T00:31:56+09:00', 'volume': '3500', 'remaining_volume': '3500', 'reserved_fee': '12302.5', 'remaining_fee': '12302.5', 'paid_fee': '0', 'locked': '4933303.5', 'executed_volume': '0', 'trades_count': 0}
[00:32:28.833][12]빗썸탈출신청결과(C0866000000036707403) status_code:200 , {'uuid': 'C0866000000036707403', 'side': 'bid', 'ord_type': 'limit', 'price': '1406', 'state': 'wait', 'market': 'KRW-USDT', 'created_at': '2024-11-14T00:31:58+09:00', 'volume': '777.43', 'remaining_volume': '777.43', 'reserved_fee': '2732.66645', 'remaining_fee': '2732.66645', 'paid_fee': '0', 'locked': '1095800.24645', 'executed_volume': '0', 'trades_count': 0}
[00:32:28.842][11]빗썸탈출신청결과(C0866000000036707400) status_code:200 , {'uuid': 'C0866000000036707400', 'side': 'bid', 'ord_type': 'limit', 'price': '1406', 'state': 'wait', 'market': 'KRW-USDT', 'created_at': '2024-11-14T00:31:57+09:00', 'volume': '3500', 'remaining_volume': '3500', 'reserved_fee': '12302.5', 'remaining_fee': '12302.5', 'paid_fee': '0', 'locked': '4933303.5', 'executed_volume': '0', 'trades_count': 0}
[00:32:29.068][12]빗썸탈출신청(C0866000000036707403) mode:1, 차익 부족0.0(0.984)
[00:32:29.068][10]빗썸탈출신청(C0866000000036707392) mode:1, 차익 부족0.0(0.984)
[00:32:29.068][11]빗썸탈출신청(C0866000000036707400) mode:1, 차익 부족0.0(0.984)
[00:32:29.224][12][bit](BID) 주문상태:cancel, {'type': 'myOrder', 'code': 'KRW-USDT', 'uuid': 'C0866000000036707403', 'ask_bid': 'BID', 'order_type': 'limit', 'state': 'cancel', 'trade_uuid': None, 'price': 1406, 'volume': 777.43, 'remaining_volume': 777.43, 'executed_volume': 0, 'trades_count': 0, 'reserved_fee': 2732.66645, 'remaining_fee': 2732.66645, 'paid_fee': 0, 'executed_funds': 0, 'trade_timestamp': None, 'order_timestamp': 1731511918292, 'timestamp': 1731511949182, 'stream_type': 'REALTIME'}
[00:32:29.224][12]bit33333333333333333 매수취소(C0866000000036707403), {'type': 'myOrder', 'code': 'KRW-USDT', 'uuid': 'C0866000000036707403', 'ask_bid': 'BID', 'order_type': 'limit', 'state': 'cancel', 'trade_uuid': None, 'price': 1406, 'volume': 777.43, 'remaining_volume': 777.43, 'executed_volume': 0, 'trades_count': 0, 'reserved_fee': 2732.66645, 'remaining_fee': 2732.66645, 'paid_fee': 0, 'executed_funds': 0, 'trade_timestamp': None, 'order_timestamp': 1731511918292, 'timestamp': 1731511949182, 'stream_type': 'REALTIME'}
[00:32:29.224][12]bit 4444444444444 쓰레드 정리 isclear isClear(C0866000000036707403), 남은양:777.43, {'type': 'myOrder', 'code': 'KRW-USDT', 'uuid': 'C0866000000036707403', 'ask_bid': 'BID', 'order_type': 'limit', 'state': 'cancel', 'trade_uuid': None, 'price': 1406, 'volume': 777.43, 'remaining_volume': 777.43, 'executed_volume': 0, 'trades_count': 0, 'reserved_fee': 2732.66645, 'remaining_fee': 2732.66645, 'paid_fee': 0, 'executed_funds': 0, 'trade_timestamp': None, 'order_timestamp': 1731511918292, 'timestamp': 1731511949182, 'stream_type': 'REALTIME'}
[00:32:29.227][MyApi]stop_threads 시작 C0866000000036707403
[00:32:29.228][10][bit](BID) 주문상태:cancel, {'type': 'myOrder', 'code': 'KRW-USDT', 'uuid': 'C0866000000036707392', 'ask_bid': 'BID', 'order_type': 'limit', 'state': 'cancel', 'trade_uuid': None, 'price': 1406, 'volume': 3500, 'remaining_volume': 3500, 'executed_volume': 0, 'trades_count': 0, 'reserved_fee': 12302.5, 'remaining_fee': 12302.5, 'paid_fee': 0, 'executed_funds': 0, 'trade_timestamp': None, 'order_timestamp': 1731511916509, 'timestamp': 1731511949182, 'stream_type': 'REALTIME'}
[00:32:29.228][10]bit33333333333333333 매수취소(C0866000000036707392), {'type': 'myOrder', 'code': 'KRW-USDT', 'uuid': 'C0866000000036707392', 'ask_bid': 'BID', 'order_type': 'limit', 'state': 'cancel', 'trade_uuid': None, 'price': 1406, 'volume': 3500, 'remaining_volume': 3500, 'executed_volume': 0, 'trades_count': 0, 'reserved_fee': 12302.5, 'remaining_fee': 12302.5, 'paid_fee': 0, 'executed_funds': 0, 'trade_timestamp': None, 'order_timestamp': 1731511916509, 'timestamp': 1731511949182, 'stream_type': 'REALTIME'}
[00:32:29.228][10]bit 4444444444444 쓰레드 정리 isclear isClear(C0866000000036707392), 남은양:3500.0, {'type': 'myOrder', 'code': 'KRW-USDT', 'uuid': 'C0866000000036707392', 'ask_bid': 'BID', 'order_type': 'limit', 'state': 'cancel', 'trade_uuid': None, 'price': 1406, 'volume': 3500, 'remaining_volume': 3500, 'executed_volume': 0, 'trades_count': 0, 'reserved_fee': 12302.5, 'remaining_fee': 12302.5, 'paid_fee': 0, 'executed_funds': 0, 'trade_timestamp': None, 'order_timestamp': 1731511916509, 'timestamp': 1731511949182, 'stream_type': 'REALTIME'}
[00:32:29.232][MyApi]stop_threads 시작 C0866000000036707392
[00:32:29.264][11][bit](BID) 주문상태:cancel, {'type': 'myOrder', 'code': 'KRW-USDT', 'uuid': 'C0866000000036707400', 'ask_bid': 'BID', 'order_type': 'limit', 'state': 'cancel', 'trade_uuid': None, 'price': 1406, 'volume': 3500, 'remaining_volume': 3500, 'executed_volume': 0, 'trades_count': 0, 'reserved_fee': 12302.5, 'remaining_fee': 12302.5, 'paid_fee': 0, 'executed_funds': 0, 'trade_timestamp': None, 'order_timestamp': 1731511917488, 'timestamp': 1731511949220, 'stream_type': 'REALTIME'}
[00:32:29.264][11]bit33333333333333333 매수취소(C0866000000036707400), {'type': 'myOrder', 'code': 'KRW-USDT', 'uuid': 'C0866000000036707400', 'ask_bid': 'BID', 'order_type': 'limit', 'state': 'cancel', 'trade_uuid': None, 'price': 1406, 'volume': 3500, 'remaining_volume': 3500, 'executed_volume': 0, 'trades_count': 0, 'reserved_fee': 12302.5, 'remaining_fee': 12302.5, 'paid_fee': 0, 'executed_funds': 0, 'trade_timestamp': None, 'order_timestamp': 1731511917488, 'timestamp': 1731511949220, 'stream_type': 'REALTIME'}
[00:32:29.264][11]bit 4444444444444 쓰레드 정리 isclear isClear(C0866000000036707400), 남은양:3500.0, {'type': 'myOrder', 'code': 'KRW-USDT', 'uuid': 'C0866000000036707400', 'ask_bid': 'BID', 'order_type': 'limit', 'state': 'cancel', 'trade_uuid': None, 'price': 1406, 'volume': 3500, 'remaining_volume': 3500, 'executed_volume': 0, 'trades_count': 0, 'reserved_fee': 12302.5, 'remaining_fee': 12302.5, 'paid_fee': 0, 'executed_funds': 0, 'trade_timestamp': None, 'order_timestamp': 1731511917488, 'timestamp': 1731511949220, 'stream_type': 'REALTIME'}
[00:32:29.265][MyApi]stop_threads 시작 C0866000000036707400
[00:32:29.277][10]빗썸탈출신청결과(C0866000000036707392) status_code:404 , {'error': {'name': 'order_not_found', 'message': '주문을 찾지 못했습니다.'}}
[00:32:29.281]빗썸 [10][MyApi]쓰레드 종료
[00:32:29.281][10] 666666666666666 [MyApi]stop_threads 종료 C0866000000036707392
[00:32:29.341][11]빗썸탈출신청결과(C0866000000036707400) status_code:404 , {'error': {'name': 'order_not_found', 'message': '주문을 찾지 못했습니다.'}}
[00:32:29.345]빗썸 [11][MyApi]쓰레드 종료
[00:32:29.345][11] 666666666666666 [MyApi]stop_threads 종료 C0866000000036707400
[00:32:29.364][12]빗썸탈출신청결과(C0866000000036707403) status_code:404 , {'error': {'name': 'order_not_found', 'message': '주문을 찾지 못했습니다.'}}
[00:32:29.368]빗썸 [12][MyApi]쓰레드 종료
[00:32:29.368][12] 666666666666666 [MyApi]stop_threads 종료 C0866000000036707403
[00:32:47.273][13]빗썸1111111111111매수신청 완료(C0866000000036707539), mode:1, result:{'uuid': 'C0866000000036707539', 'side': 'bid', 'ord_type': 'limit', 'price': '1406', 'state': 'wait', 'market': 'KRW-USDT', 'created_at': '2024-11-14T00:32:47+09:00', 'volume': '3500', 'remaining_volume': '3500', 'reserved_fee': '12302.5', 'remaining_fee': '12302.5', 'paid_fee': '0', 'locked': '4933303.5', 'executed_volume': '0', 'trades_count': 0}
[00:32:47.396][13][bit](BID) 주문상태:wait, {'type': 'myOrder', 'code': 'KRW-USDT', 'uuid': 'C0866000000036707539', 'ask_bid': 'BID', 'order_type': 'limit', 'state': 'wait', 'trade_uuid': None, 'price': 1406, 'volume': 3500, 'remaining_volume': 3500, 'executed_volume': 0, 'trades_count': 0, 'reserved_fee': 12302.5, 'remaining_fee': 12302.5, 'paid_fee': 0, 'executed_funds': 0, 'trade_timestamp': None, 'order_timestamp': 1731511967179, 'timestamp': 1731511967358, 'stream_type': 'REALTIME'}
[00:32:47.397][13]bit22222222222222222 매수대기 (C0866000000036707539),{'type': 'myOrder', 'code': 'KRW-USDT', 'uuid': 'C0866000000036707539', 'ask_bid': 'BID', 'order_type': 'limit', 'state': 'wait', 'trade_uuid': None, 'price': 1406, 'volume': 3500, 'remaining_volume': 3500, 'executed_volume': 0, 'trades_count': 0, 'reserved_fee': 12302.5, 'remaining_fee': 12302.5, 'paid_fee': 0, 'executed_funds': 0, 'trade_timestamp': None, 'order_timestamp': 1731511967179, 'timestamp': 1731511967358, 'stream_type': 'REALTIME'}
[00:32:48.193][14]빗썸1111111111111매수신청 완료(C0866000000036707544), mode:1, result:{'uuid': 'C0866000000036707544', 'side': 'bid', 'ord_type': 'limit', 'price': '1406', 'state': 'wait', 'market': 'KRW-USDT', 'created_at': '2024-11-14T00:32:48+09:00', 'volume': '3500', 'remaining_volume': '3500', 'reserved_fee': '12302.5', 'remaining_fee': '12302.5', 'paid_fee': '0', 'locked': '4933303.5', 'executed_volume': '0', 'trades_count': 0}
[00:32:48.299][14][bit](BID) 주문상태:wait, {'type': 'myOrder', 'code': 'KRW-USDT', 'uuid': 'C0866000000036707544', 'ask_bid': 'BID', 'order_type': 'limit', 'state': 'wait', 'trade_uuid': None, 'price': 1406, 'volume': 3500, 'remaining_volume': 3500, 'executed_volume': 0, 'trades_count': 0, 'reserved_fee': 12302.5, 'remaining_fee': 12302.5, 'paid_fee': 0, 'executed_funds': 0, 'trade_timestamp': None, 'order_timestamp': 1731511968109, 'timestamp': 1731511968204, 'stream_type': 'REALTIME'}
[00:32:48.300][14]bit22222222222222222 매수대기 (C0866000000036707544),{'type': 'myOrder', 'code': 'KRW-USDT', 'uuid': 'C0866000000036707544', 'ask_bid': 'BID', 'order_type': 'limit', 'state': 'wait', 'trade_uuid': None, 'price': 1406, 'volume': 3500, 'remaining_volume': 3500, 'executed_volume': 0, 'trades_count': 0, 'reserved_fee': 12302.5, 'remaining_fee': 12302.5, 'paid_fee': 0, 'executed_funds': 0, 'trade_timestamp': None, 'order_timestamp': 1731511968109, 'timestamp': 1731511968204, 'stream_type': 'REALTIME'}
[00:32:49.065][15]빗썸1111111111111매수신청 완료(C0866000000036707550), mode:1, result:{'uuid': 'C0866000000036707550', 'side': 'bid', 'ord_type': 'limit', 'price': '1406', 'state': 'wait', 'market': 'KRW-USDT', 'created_at': '2024-11-14T00:32:49+09:00', 'volume': '777.43', 'remaining_volume': '777.43', 'reserved_fee': '2732.66645', 'remaining_fee': '2732.66645', 'paid_fee': '0', 'locked': '1095800.24645', 'executed_volume': '0', 'trades_count': 0}
[00:32:49.141][15][bit](BID) 주문상태:wait, {'type': 'myOrder', 'code': 'KRW-USDT', 'uuid': 'C0866000000036707550', 'ask_bid': 'BID', 'order_type': 'limit', 'state': 'wait', 'trade_uuid': None, 'price': 1406, 'volume': 777.43, 'remaining_volume': 777.43, 'executed_volume': 0, 'trades_count': 0, 'reserved_fee': 2732.66645, 'remaining_fee': 2732.66645, 'paid_fee': 0, 'executed_funds': 0, 'trade_timestamp': None, 'order_timestamp': 1731511969012, 'timestamp': 1731511969102, 'stream_type': 'REALTIME'}
[00:32:49.144][15]bit22222222222222222 매수대기 (C0866000000036707550),{'type': 'myOrder', 'code': 'KRW-USDT', 'uuid': 'C0866000000036707550', 'ask_bid': 'BID', 'order_type': 'limit', 'state': 'wait', 'trade_uuid': None, 'price': 1406, 'volume': 777.43, 'remaining_volume': 777.43, 'executed_volume': 0, 'trades_count': 0, 'reserved_fee': 2732.66645, 'remaining_fee': 2732.66645, 'paid_fee': 0, 'executed_funds': 0, 'trade_timestamp': None, 'order_timestamp': 1731511969012, 'timestamp': 1731511969102, 'stream_type': 'REALTIME'}
[00:33:27.742][bit]프로그램으로 신청한게 아닌거 같음. 확인 필요.C0866000000036707681, wait, {'type': 'myOrder', 'code': 'KRW-USDT', 'uuid': 'C0866000000036707681', 'ask_bid': 'BID', 'order_type': 'limit', 'state': 'wait', 'trade_uuid': None, 'price': 1400, 'volume': 10000, 'remaining_volume': 10000, 'executed_volume': 0, 'trades_count': 0, 'reserved_fee': 35000, 'remaining_fee': 35000, 'paid_fee': 0, 'executed_funds': 0, 'trade_timestamp': None, 'order_timestamp': 1731512007574, 'timestamp': 1731512007703, 'stream_type': 'REALTIME'}
[00:36:27.301][13][bit](BID) 주문상태:done, {'type': 'myOrder', 'code': 'KRW-USDT', 'uuid': 'C0866000000036707539', 'ask_bid': 'BID', 'order_type': 'limit', 'state': 'done', 'trade_uuid': 'C0866000000039756354', 'price': 1406, 'volume': 3500, 'remaining_volume': 0, 'executed_volume': 3500, 'trades_count': 1, 'reserved_fee': 12302.5, 'remaining_fee': 12302.5, 'paid_fee': 0, 'executed_funds': 4921000, 'trade_timestamp': 1731512187142, 'order_timestamp': 1731511967179, 'timestamp': 1731512187263, 'stream_type': 'REALTIME'}
[00:36:27.303][14][bit](BID) 주문상태:done, {'type': 'myOrder', 'code': 'KRW-USDT', 'uuid': 'C0866000000036707544', 'ask_bid': 'BID', 'order_type': 'limit', 'state': 'done', 'trade_uuid': 'C0866000000039756355', 'price': 1406, 'volume': 3500, 'remaining_volume': 0, 'executed_volume': 3500, 'trades_count': 1, 'reserved_fee': 12302.5, 'remaining_fee': 12302.5, 'paid_fee': 0, 'executed_funds': 4921000, 'trade_timestamp': 1731512187142, 'order_timestamp': 1731511968109, 'timestamp': 1731512187263, 'stream_type': 'REALTIME'}
[00:36:27.304][13]bit3333333333333333 매수성공(C0866000000036707539), 체결량:3500.0, {'type': 'myOrder', 'code': 'KRW-USDT', 'uuid': 'C0866000000036707539', 'ask_bid': 'BID', 'order_type': 'limit', 'state': 'done', 'trade_uuid': 'C0866000000039756354', 'price': 1406, 'volume': 3500, 'remaining_volume': 0, 'executed_volume': 3500, 'trades_count': 1, 'reserved_fee': 12302.5, 'remaining_fee': 12302.5, 'paid_fee': 0, 'executed_funds': 4921000, 'trade_timestamp': 1731512187142, 'order_timestamp': 1731511967179, 'timestamp': 1731512187263, 'stream_type': 'REALTIME'}
[00:36:27.305][13]SellToMarket(up) 시작 (C0866000000036707539),{'type': 'myOrder', 'code': 'KRW-USDT', 'uuid': 'C0866000000036707539', 'ask_bid': 'BID', 'order_type': 'limit', 'state': 'done', 'trade_uuid': 'C0866000000039756354', 'price': 1406, 'volume': 3500, 'remaining_volume': 0, 'executed_volume': 3500, 'trades_count': 1, 'reserved_fee': 12302.5, 'remaining_fee': 12302.5, 'paid_fee': 0, 'executed_funds': 4921000, 'trade_timestamp': 1731512187142, 'order_timestamp': 1731511967179, 'timestamp': 1731512187263, 'stream_type': 'REALTIME'}
[00:36:27.306][14]bit3333333333333333 매수성공(C0866000000036707544), 체결량:3500.0, {'type': 'myOrder', 'code': 'KRW-USDT', 'uuid': 'C0866000000036707544', 'ask_bid': 'BID', 'order_type': 'limit', 'state': 'done', 'trade_uuid': 'C0866000000039756355', 'price': 1406, 'volume': 3500, 'remaining_volume': 0, 'executed_volume': 3500, 'trades_count': 1, 'reserved_fee': 12302.5, 'remaining_fee': 12302.5, 'paid_fee': 0, 'executed_funds': 4921000, 'trade_timestamp': 1731512187142, 'order_timestamp': 1731511968109, 'timestamp': 1731512187263, 'stream_type': 'REALTIME'}
[00:36:27.306][14]SellToMarket(up) 시작 (C0866000000036707544),{'type': 'myOrder', 'code': 'KRW-USDT', 'uuid': 'C0866000000036707544', 'ask_bid': 'BID', 'order_type': 'limit', 'state': 'done', 'trade_uuid': 'C0866000000039756355', 'price': 1406, 'volume': 3500, 'remaining_volume': 0, 'executed_volume': 3500, 'trades_count': 1, 'reserved_fee': 12302.5, 'remaining_fee': 12302.5, 'paid_fee': 0, 'executed_funds': 4921000, 'trade_timestamp': 1731512187142, 'order_timestamp': 1731511968109, 'timestamp': 1731512187263, 'stream_type': 'REALTIME'}
[00:36:27.307][15][bit](BID) 주문상태:done, {'type': 'myOrder', 'code': 'KRW-USDT', 'uuid': 'C0866000000036707550', 'ask_bid': 'BID', 'order_type': 'limit', 'state': 'done', 'trade_uuid': 'C0866000000039756356', 'price': 1406, 'volume': 777.43, 'remaining_volume': 0, 'executed_volume': 777.43, 'trades_count': 1, 'reserved_fee': 2732.66645, 'remaining_fee': 2732.66645, 'paid_fee': 0, 'executed_funds': 1093066.58, 'trade_timestamp': 1731512187142, 'order_timestamp': 1731511969012, 'timestamp': 1731512187264, 'stream_type': 'REALTIME'}
[00:36:27.308][13]up매도직전 
[00:36:27.309][14]up매도직전 
[00:36:27.311][15]bit3333333333333333 매수성공(C0866000000036707550), 체결량:777.43, {'type': 'myOrder', 'code': 'KRW-USDT', 'uuid': 'C0866000000036707550', 'ask_bid': 'BID', 'order_type': 'limit', 'state': 'done', 'trade_uuid': 'C0866000000039756356', 'price': 1406, 'volume': 777.43, 'remaining_volume': 0, 'executed_volume': 777.43, 'trades_count': 1, 'reserved_fee': 2732.66645, 'remaining_fee': 2732.66645, 'paid_fee': 0, 'executed_funds': 1093066.58, 'trade_timestamp': 1731512187142, 'order_timestamp': 1731511969012, 'timestamp': 1731512187264, 'stream_type': 'REALTIME'}
[00:36:27.311][15]SellToMarket(up) 시작 (C0866000000036707550),{'type': 'myOrder', 'code': 'KRW-USDT', 'uuid': 'C0866000000036707550', 'ask_bid': 'BID', 'order_type': 'limit', 'state': 'done', 'trade_uuid': 'C0866000000039756356', 'price': 1406, 'volume': 777.43, 'remaining_volume': 0, 'executed_volume': 777.43, 'trades_count': 1, 'reserved_fee': 2732.66645, 'remaining_fee': 2732.66645, 'paid_fee': 0, 'executed_funds': 1093066.58, 'trade_timestamp': 1731512187142, 'order_timestamp': 1731511969012, 'timestamp': 1731512187264, 'stream_type': 'REALTIME'}
[00:36:27.312][15]up매도직전 
[00:36:27.316][13]빗썸탈출신청(C0866000000036707539) mode:1, 매수하고 남은 양이 너무 적음. 매수되버리면 짜투리 됨 0.0
[00:36:27.320][14]빗썸탈출신청(C0866000000036707544) mode:1, 매수하고 남은 양이 너무 적음. 매수되버리면 짜투리 됨 0.0
[00:36:27.320][15]빗썸탈출신청(C0866000000036707550) mode:1, 매수하고 남은 양이 너무 적음. 매수되버리면 짜투리 됨 0.0
[00:36:27.474]코인 오버 [17777.41999999/13500.0], 1회 거래량:3500.0, 빗썸:9999.99, 업빗:7777.43
[00:36:27.674][13]up매도직후2 result:{'uuid': '6ec79af7-0c08-4c79-b8e0-614e51e9b84e', 'side': 'ask', 'ord_type': 'market', 'state': 'wait', 'market': 'KRW-USDT', 'created_at': '2024-11-14T00:36:27+09:00', 'volume': '3500', 'remaining_volume': '3500', 'reserved_fee': '0', 'remaining_fee': '0', 'paid_fee': '0', 'locked': '3500', 'executed_volume': '0', 'trades_count': 0} 
[00:36:27.677][13]up 555555555555555 매도신청 완료 (6ec79af7-0c08-4c79-b8e0-614e51e9b84e),{'uuid': '6ec79af7-0c08-4c79-b8e0-614e51e9b84e', 'side': 'ask', 'ord_type': 'market', 'state': 'wait', 'market': 'KRW-USDT', 'created_at': '2024-11-14T00:36:27+09:00', 'volume': '3500', 'remaining_volume': '3500', 'reserved_fee': '0', 'remaining_fee': '0', 'paid_fee': '0', 'locked': '3500', 'executed_volume': '0', 'trades_count': 0}
[00:36:27.679][13]bit 4444444444444 쓰레드 정리 isclear isClear(C0866000000036707539), 남은양:0.0, {'type': 'myOrder', 'code': 'KRW-USDT', 'uuid': 'C0866000000036707539', 'ask_bid': 'BID', 'order_type': 'limit', 'state': 'done', 'trade_uuid': 'C0866000000039756354', 'price': 1406, 'volume': 3500, 'remaining_volume': 0, 'executed_volume': 3500, 'trades_count': 1, 'reserved_fee': 12302.5, 'remaining_fee': 12302.5, 'paid_fee': 0, 'executed_funds': 4921000, 'trade_timestamp': 1731512187142, 'order_timestamp': 1731511967179, 'timestamp': 1731512187263, 'stream_type': 'REALTIME'}
[00:36:27.681][MyApi]stop_threads 시작 C0866000000036707539
[00:36:27.693][14]up매도직후2 result:{'uuid': 'da815ef7-6904-4166-8109-12921e8ab2c9', 'side': 'ask', 'ord_type': 'market', 'state': 'wait', 'market': 'KRW-USDT', 'created_at': '2024-11-14T00:36:27+09:00', 'volume': '3500', 'remaining_volume': '3500', 'reserved_fee': '0', 'remaining_fee': '0', 'paid_fee': '0', 'locked': '3500', 'executed_volume': '0', 'trades_count': 0} 
[00:36:27.694][14]up 555555555555555 매도신청 완료 (da815ef7-6904-4166-8109-12921e8ab2c9),{'uuid': 'da815ef7-6904-4166-8109-12921e8ab2c9', 'side': 'ask', 'ord_type': 'market', 'state': 'wait', 'market': 'KRW-USDT', 'created_at': '2024-11-14T00:36:27+09:00', 'volume': '3500', 'remaining_volume': '3500', 'reserved_fee': '0', 'remaining_fee': '0', 'paid_fee': '0', 'locked': '3500', 'executed_volume': '0', 'trades_count': 0}
[00:36:27.695][14]bit 4444444444444 쓰레드 정리 isclear isClear(C0866000000036707544), 남은양:0.0, {'type': 'myOrder', 'code': 'KRW-USDT', 'uuid': 'C0866000000036707544', 'ask_bid': 'BID', 'order_type': 'limit', 'state': 'done', 'trade_uuid': 'C0866000000039756355', 'price': 1406, 'volume': 3500, 'remaining_volume': 0, 'executed_volume': 3500, 'trades_count': 1, 'reserved_fee': 12302.5, 'remaining_fee': 12302.5, 'paid_fee': 0, 'executed_funds': 4921000, 'trade_timestamp': 1731512187142, 'order_timestamp': 1731511968109, 'timestamp': 1731512187263, 'stream_type': 'REALTIME'}
[00:36:27.697][MyApi]stop_threads 시작 C0866000000036707544
[00:36:27.701][13][up](ASK) 주문상태:wait, {'type': 'myOrder', 'code': 'KRW-USDT', 'uuid': '6ec79af7-0c08-4c79-b8e0-614e51e9b84e', 'ask_bid': 'ASK', 'order_type': 'market', 'state': 'wait', 'trade_uuid': None, 'price': None, 'avg_price': 0, 'volume': 3500, 'remaining_volume': 3500, 'executed_volume': 0, 'trades_count': 0, 'reserved_fee': 0, 'remaining_fee': 0, 'paid_fee': 0, 'locked': 3500, 'executed_funds': 0, 'time_in_force': None, 'trade_timestamp': None, 'order_timestamp': 1731512187000, 'timestamp': 1731512187689, 'stream_type': 'REALTIME'}
[00:36:27.721][14][up](ASK) 주문상태:wait, {'type': 'myOrder', 'code': 'KRW-USDT', 'uuid': 'da815ef7-6904-4166-8109-12921e8ab2c9', 'ask_bid': 'ASK', 'order_type': 'market', 'state': 'wait', 'trade_uuid': None, 'price': None, 'avg_price': 0, 'volume': 3500, 'remaining_volume': 3500, 'executed_volume': 0, 'trades_count': 0, 'reserved_fee': 0, 'remaining_fee': 0, 'paid_fee': 0, 'locked': 3500, 'executed_funds': 0, 'time_in_force': None, 'trade_timestamp': None, 'order_timestamp': 1731512187000, 'timestamp': 1731512187710, 'stream_type': 'REALTIME'}
[00:36:27.743][13]빗썸탈출신청결과(C0866000000036707539) status_code:404 , {'error': {'name': 'order_not_found', 'message': '주문을 찾지 못했습니다.'}}
[00:36:27.747][15]up매도직후2 result:{'uuid': '903a53bd-94cb-475e-9700-03aaeb261be7', 'side': 'ask', 'ord_type': 'market', 'state': 'wait', 'market': 'KRW-USDT', 'created_at': '2024-11-14T00:36:27+09:00', 'volume': '777.43', 'remaining_volume': '777.43', 'reserved_fee': '0', 'remaining_fee': '0', 'paid_fee': '0', 'locked': '777.43', 'executed_volume': '0', 'trades_count': 0} 
[00:36:27.748][15]up 555555555555555 매도신청 완료 (903a53bd-94cb-475e-9700-03aaeb261be7),{'uuid': '903a53bd-94cb-475e-9700-03aaeb261be7', 'side': 'ask', 'ord_type': 'market', 'state': 'wait', 'market': 'KRW-USDT', 'created_at': '2024-11-14T00:36:27+09:00', 'volume': '777.43', 'remaining_volume': '777.43', 'reserved_fee': '0', 'remaining_fee': '0', 'paid_fee': '0', 'locked': '777.43', 'executed_volume': '0', 'trades_count': 0}
[00:36:27.754][15]bit 4444444444444 쓰레드 정리 isclear isClear(C0866000000036707550), 남은양:0.0, {'type': 'myOrder', 'code': 'KRW-USDT', 'uuid': 'C0866000000036707550', 'ask_bid': 'BID', 'order_type': 'limit', 'state': 'done', 'trade_uuid': 'C0866000000039756356', 'price': 1406, 'volume': 777.43, 'remaining_volume': 0, 'executed_volume': 777.43, 'trades_count': 1, 'reserved_fee': 2732.66645, 'remaining_fee': 2732.66645, 'paid_fee': 0, 'executed_funds': 1093066.58, 'trade_timestamp': 1731512187142, 'order_timestamp': 1731511969012, 'timestamp': 1731512187264, 'stream_type': 'REALTIME'}
[00:36:27.755][MyApi]stop_threads 시작 C0866000000036707550
[00:36:27.756]빗썸 [13][MyApi]쓰레드 종료
[00:36:27.756][13] 666666666666666 [MyApi]stop_threads 종료 C0866000000036707539
[00:36:27.761][13][up](ASK) 주문상태:trade, {'type': 'myOrder', 'code': 'KRW-USDT', 'uuid': '6ec79af7-0c08-4c79-b8e0-614e51e9b84e', 'ask_bid': 'ASK', 'order_type': 'market', 'state': 'trade', 'trade_uuid': '631560fe-04d2-4cdb-a467-be32c127e2c2', 'price': 1407, 'avg_price': 1406.8593, 'volume': 3500, 'remaining_volume': 0, 'executed_volume': 3500, 'trades_count': 1, 'reserved_fee': 0, 'remaining_fee': 0, 'paid_fee': 492.45, 'locked': 0, 'executed_funds': 4924500, 'time_in_force': None, 'trade_timestamp': 1731512187664, 'order_timestamp': 1731512187000, 'timestamp': 1731512187744, 'stream_type': 'REALTIME'}
[00:36:27.762][13]up 77777777777 매도 완료 매수:C0866000000036707539, 매도:(6ec79af7-0c08-4c79-b8e0-614e51e9b84e), {'type': 'myOrder', 'code': 'KRW-USDT', 'uuid': '6ec79af7-0c08-4c79-b8e0-614e51e9b84e', 'ask_bid': 'ASK', 'order_type': 'market', 'state': 'trade', 'trade_uuid': '631560fe-04d2-4cdb-a467-be32c127e2c2', 'price': 1407, 'avg_price': 1406.8593, 'volume': 3500, 'remaining_volume': 0, 'executed_volume': 3500, 'trades_count': 1, 'reserved_fee': 0, 'remaining_fee': 0, 'paid_fee': 492.45, 'locked': 0, 'executed_funds': 4924500, 'time_in_force': None, 'trade_timestamp': 1731512187664, 'order_timestamp': 1731512187000, 'timestamp': 1731512187744, 'stream_type': 'REALTIME'}
[00:36:27.772][13][up](ASK) 주문상태:done, {'type': 'myOrder', 'code': 'KRW-USDT', 'uuid': '6ec79af7-0c08-4c79-b8e0-614e51e9b84e', 'ask_bid': 'ASK', 'order_type': 'market', 'state': 'done', 'trade_uuid': None, 'price': None, 'avg_price': 1406.8593, 'volume': 3500, 'remaining_volume': 0, 'executed_volume': 3500, 'trades_count': 1, 'reserved_fee': 0, 'remaining_fee': 0, 'paid_fee': 492.45, 'locked': 0, 'executed_funds': 4924500, 'time_in_force': None, 'trade_timestamp': None, 'order_timestamp': 1731512187000, 'timestamp': 1731512187745, 'stream_type': 'REALTIME'}
[00:36:27.787][15][up](ASK) 주문상태:wait, {'type': 'myOrder', 'code': 'KRW-USDT', 'uuid': '903a53bd-94cb-475e-9700-03aaeb261be7', 'ask_bid': 'ASK', 'order_type': 'market', 'state': 'wait', 'trade_uuid': None, 'price': None, 'avg_price': 0, 'volume': 777.43, 'remaining_volume': 777.43, 'executed_volume': 0, 'trades_count': 0, 'reserved_fee': 0, 'remaining_fee': 0, 'paid_fee': 0, 'locked': 777.43, 'executed_funds': 0, 'time_in_force': None, 'trade_timestamp': None, 'order_timestamp': 1731512187000, 'timestamp': 1731512187762, 'stream_type': 'REALTIME'}
[00:36:27.796][15]빗썸탈출신청결과(C0866000000036707550) status_code:404 , {'error': {'name': 'order_not_found', 'message': '주문을 찾지 못했습니다.'}}
[00:36:27.797][14][up](ASK) 주문상태:trade, {'type': 'myOrder', 'code': 'KRW-USDT', 'uuid': 'da815ef7-6904-4166-8109-12921e8ab2c9', 'ask_bid': 'ASK', 'order_type': 'market', 'state': 'trade', 'trade_uuid': '916279c7-6d7a-4e4b-b8fa-c1f093b7076d', 'price': 1407, 'avg_price': 1406.8593, 'volume': 3500, 'remaining_volume': 0, 'executed_volume': 3500, 'trades_count': 1, 'reserved_fee': 0, 'remaining_fee': 0, 'paid_fee': 492.45, 'locked': 0, 'executed_funds': 4924500, 'time_in_force': None, 'trade_timestamp': 1731512187687, 'order_timestamp': 1731512187000, 'timestamp': 1731512187764, 'stream_type': 'REALTIME'}
[00:36:27.798][14]up 77777777777 매도 완료 매수:C0866000000036707544, 매도:(da815ef7-6904-4166-8109-12921e8ab2c9), {'type': 'myOrder', 'code': 'KRW-USDT', 'uuid': 'da815ef7-6904-4166-8109-12921e8ab2c9', 'ask_bid': 'ASK', 'order_type': 'market', 'state': 'trade', 'trade_uuid': '916279c7-6d7a-4e4b-b8fa-c1f093b7076d', 'price': 1407, 'avg_price': 1406.8593, 'volume': 3500, 'remaining_volume': 0, 'executed_volume': 3500, 'trades_count': 1, 'reserved_fee': 0, 'remaining_fee': 0, 'paid_fee': 492.45, 'locked': 0, 'executed_funds': 4924500, 'time_in_force': None, 'trade_timestamp': 1731512187687, 'order_timestamp': 1731512187000, 'timestamp': 1731512187764, 'stream_type': 'REALTIME'}
[00:36:27.810][14][up](ASK) 주문상태:done, {'type': 'myOrder', 'code': 'KRW-USDT', 'uuid': 'da815ef7-6904-4166-8109-12921e8ab2c9', 'ask_bid': 'ASK', 'order_type': 'market', 'state': 'done', 'trade_uuid': None, 'price': None, 'avg_price': 1406.8593, 'volume': 3500, 'remaining_volume': 0, 'executed_volume': 3500, 'trades_count': 1, 'reserved_fee': 0, 'remaining_fee': 0, 'paid_fee': 492.45, 'locked': 0, 'executed_funds': 4924500, 'time_in_force': None, 'trade_timestamp': None, 'order_timestamp': 1731512187000, 'timestamp': 1731512187765, 'stream_type': 'REALTIME'}
[00:36:27.811]빗썸 [15][MyApi]쓰레드 종료
[00:36:27.813]myOrder error:da815ef7-6904-4166-8109-12921e8ab2c9, {'type': 'myOrder', 'code': 'KRW-USDT', 'uuid': 'da815ef7-6904-4166-8109-12921e8ab2c9', 'ask_bid': 'ASK', 'order_type': 'market', 'state': 'trade', 'trade_uuid': '916279c7-6d7a-4e4b-b8fa-c1f093b7076d', 'price': 1407, 'avg_price': 1406.8593, 'volume': 3500, 'remaining_volume': 0, 'executed_volume': 3500, 'trades_count': 1, 'reserved_fee': 0, 'remaining_fee': 0, 'paid_fee': 492.45, 'locked': 0, 'executed_funds': 4924500, 'time_in_force': None, 'trade_timestamp': 1731512187687, 'order_timestamp': 1731512187000, 'timestamp': 1731512187764, 'stream_type': 'REALTIME'}, e:Type(<class 'UnboundLocalError'>), Message(No message)
[00:36:27.813][15] 666666666666666 [MyApi]stop_threads 종료 C0866000000036707550
[00:36:27.823][14]빗썸탈출신청결과(C0866000000036707544) status_code:404 , {'error': {'name': 'order_not_found', 'message': '주문을 찾지 못했습니다.'}}
[00:36:27.827]빗썸 [14][MyApi]쓰레드 종료
[00:36:27.827][14] 666666666666666 [MyApi]stop_threads 종료 C0866000000036707544
[00:36:27.841][15][up](ASK) 주문상태:trade, {'type': 'myOrder', 'code': 'KRW-USDT', 'uuid': '903a53bd-94cb-475e-9700-03aaeb261be7', 'ask_bid': 'ASK', 'order_type': 'market', 'state': 'trade', 'trade_uuid': 'dd198264-dc1a-49d0-94a9-c51da677d04c', 'price': 1407, 'avg_price': 1406.8593, 'volume': 777.43, 'remaining_volume': 0, 'executed_volume': 777.43, 'trades_count': 1, 'reserved_fee': 0, 'remaining_fee': 0, 'paid_fee': 109.384401, 'locked': 0, 'executed_funds': 1093844.01, 'time_in_force': None, 'trade_timestamp': 1731512187739, 'order_timestamp': 1731512187000, 'timestamp': 1731512187826, 'stream_type': 'REALTIME'}
[00:36:27.841][15]up 77777777777 매도 완료 매수:C0866000000036707550, 매도:(903a53bd-94cb-475e-9700-03aaeb261be7), {'type': 'myOrder', 'code': 'KRW-USDT', 'uuid': '903a53bd-94cb-475e-9700-03aaeb261be7', 'ask_bid': 'ASK', 'order_type': 'market', 'state': 'trade', 'trade_uuid': 'dd198264-dc1a-49d0-94a9-c51da677d04c', 'price': 1407, 'avg_price': 1406.8593, 'volume': 777.43, 'remaining_volume': 0, 'executed_volume': 777.43, 'trades_count': 1, 'reserved_fee': 0, 'remaining_fee': 0, 'paid_fee': 109.384401, 'locked': 0, 'executed_funds': 1093844.01, 'time_in_force': None, 'trade_timestamp': 1731512187739, 'order_timestamp': 1731512187000, 'timestamp': 1731512187826, 'stream_type': 'REALTIME'}
