SELECT * FROM public.member WHERE memid = 1
1
[2024-11-10 21:30:14.466]wsClass,init,BTG,bit
[2024-11-10 21:30:14.467]wsClass,init,BTG,up
[2024-11-10 21:30:14.492]wsClass,connected,BTG,up
[2024-11-10 21:30:14.502]wsPrivateClass,connected,BTG,up
[2024-11-10 21:30:14.516]wsClass,connected,BTG,bit
[2024-11-10 21:30:14.519]wsPrivateClass,connected,BTG,bit
[21:34:13.070][1]빗썸1111111111111매수신청 완료(C0111000000104713480), mode:1, result:{'uuid': 'C0111000000104713480', 'side': 'bid', 'ord_type': 'limit', 'price': '36910', 'state': 'wait', 'market': 'KRW-BTG', 'created_at': '2024-11-10T21:34:12+09:00', 'volume': '0.40551', 'remaining_volume': '0.40551', 'reserved_fee': '37.41843525', 'remaining_fee': '37.41843525', 'paid_fee': '0', 'locked': '15005.79253525', 'executed_volume': '0', 'trades_count': 0}
[21:34:13.110][1][bit](BID) 주문상태:wait, {'type': 'myOrder', 'code': 'KRW-BTG', 'uuid': 'C0111000000104713480', 'ask_bid': 'BID', 'order_type': 'limit', 'state': 'wait', 'trade_uuid': None, 'price': 36910, 'volume': 0.40551, 'remaining_volume': 0.40551, 'executed_volume': 0, 'trades_count': 0, 'reserved_fee': 37.41843525, 'remaining_fee': 37.41843525, 'paid_fee': 0, 'executed_funds': 0, 'trade_timestamp': None, 'order_timestamp': 1731242052984, 'timestamp': 1731242053102, 'stream_type': 'REALTIME'}
[21:34:13.111][1]bit22222222222222222 매수대기 (C0111000000104713480),{'type': 'myOrder', 'code': 'KRW-BTG', 'uuid': 'C0111000000104713480', 'ask_bid': 'BID', 'order_type': 'limit', 'state': 'wait', 'trade_uuid': None, 'price': 36910, 'volume': 0.40551, 'remaining_volume': 0.40551, 'executed_volume': 0, 'trades_count': 0, 'reserved_fee': 37.41843525, 'remaining_fee': 37.41843525, 'paid_fee': 0, 'executed_funds': 0, 'trade_timestamp': None, 'order_timestamp': 1731242052984, 'timestamp': 1731242053102, 'stream_type': 'REALTIME'}
[21:34:20.993][2]빗썸1111111111111매수신청 완료(C0111000000104713488), mode:1, result:{'uuid': 'C0111000000104713488', 'side': 'bid', 'ord_type': 'limit', 'price': '36920', 'state': 'wait', 'market': 'KRW-BTG', 'created_at': '2024-11-10T21:34:20+09:00', 'volume': '29.78651', 'remaining_volume': '29.78651', 'reserved_fee': '2749.294873', 'remaining_fee': '2749.294873', 'paid_fee': '0', 'locked': '1102468.244073', 'executed_volume': '0', 'trades_count': 0}
[21:34:21.068][2][bit](BID) 주문상태:wait, {'type': 'myOrder', 'code': 'KRW-BTG', 'uuid': 'C0111000000104713488', 'ask_bid': 'BID', 'order_type': 'limit', 'state': 'wait', 'trade_uuid': None, 'price': 36920, 'volume': 29.78651, 'remaining_volume': 29.78651, 'executed_volume': 0, 'trades_count': 0, 'reserved_fee': 2749.294873, 'remaining_fee': 2749.294873, 'paid_fee': 0, 'executed_funds': 0, 'trade_timestamp': None, 'order_timestamp': 1731242060922, 'timestamp': 1731242061056, 'stream_type': 'REALTIME'}
[21:34:21.069][2]bit22222222222222222 매수대기 (C0111000000104713488),{'type': 'myOrder', 'code': 'KRW-BTG', 'uuid': 'C0111000000104713488', 'ask_bid': 'BID', 'order_type': 'limit', 'state': 'wait', 'trade_uuid': None, 'price': 36920, 'volume': 29.78651, 'remaining_volume': 29.78651, 'executed_volume': 0, 'trades_count': 0, 'reserved_fee': 2749.294873, 'remaining_fee': 2749.294873, 'paid_fee': 0, 'executed_funds': 0, 'trade_timestamp': None, 'order_timestamp': 1731242060922, 'timestamp': 1731242061056, 'stream_type': 'REALTIME'}
[21:34:23.276][3]빗썸1111111111111매수신청 완료(C0111000000104713492), mode:1, result:{'uuid': 'C0111000000104713492', 'side': 'bid', 'ord_type': 'limit', 'price': '36920', 'state': 'wait', 'market': 'KRW-BTG', 'created_at': '2024-11-10T21:34:23+09:00', 'volume': '2.4053', 'remaining_volume': '2.4053', 'reserved_fee': '222.00919', 'remaining_fee': '222.00919', 'paid_fee': '0', 'locked': '89026.68519', 'executed_volume': '0', 'trades_count': 0}
[21:34:23.302][1]빗썸탈출신청(C0111000000104713480) mode:1, 빗썸매수3까지 내려옴. 매수금액(36910.0), 매수2(36920.0)
[21:34:23.322][3][bit](BID) 주문상태:wait, {'type': 'myOrder', 'code': 'KRW-BTG', 'uuid': 'C0111000000104713492', 'ask_bid': 'BID', 'order_type': 'limit', 'state': 'wait', 'trade_uuid': None, 'price': 36920, 'volume': 2.4053, 'remaining_volume': 2.4053, 'executed_volume': 0, 'trades_count': 0, 'reserved_fee': 222.00919, 'remaining_fee': 222.00919, 'paid_fee': 0, 'executed_funds': 0, 'trade_timestamp': None, 'order_timestamp': 1731242063190, 'timestamp': 1731242063311, 'stream_type': 'REALTIME'}
[21:34:23.324][3]bit22222222222222222 매수대기 (C0111000000104713492),{'type': 'myOrder', 'code': 'KRW-BTG', 'uuid': 'C0111000000104713492', 'ask_bid': 'BID', 'order_type': 'limit', 'state': 'wait', 'trade_uuid': None, 'price': 36920, 'volume': 2.4053, 'remaining_volume': 2.4053, 'executed_volume': 0, 'trades_count': 0, 'reserved_fee': 222.00919, 'remaining_fee': 222.00919, 'paid_fee': 0, 'executed_funds': 0, 'trade_timestamp': None, 'order_timestamp': 1731242063190, 'timestamp': 1731242063311, 'stream_type': 'REALTIME'}
[21:34:23.573][1]빗썸탈출신청결과(C0111000000104713480) status_code:200 , {'uuid': 'C0111000000104713480', 'side': 'bid', 'ord_type': 'limit', 'price': '36910', 'state': 'wait', 'market': 'KRW-BTG', 'created_at': '2024-11-10T21:34:12+09:00', 'volume': '0.40551', 'remaining_volume': '0.40551', 'reserved_fee': '37.41843525', 'remaining_fee': '37.41843525', 'paid_fee': '0', 'locked': '15005.79253525', 'executed_volume': '0', 'trades_count': 0}
[21:34:23.582][1][bit](BID) 주문상태:cancel, {'type': 'myOrder', 'code': 'KRW-BTG', 'uuid': 'C0111000000104713480', 'ask_bid': 'BID', 'order_type': 'limit', 'state': 'cancel', 'trade_uuid': None, 'price': 36910, 'volume': 0.40551, 'remaining_volume': 0.40551, 'executed_volume': 0, 'trades_count': 0, 'reserved_fee': 37.41843525, 'remaining_fee': 37.41843525, 'paid_fee': 0, 'executed_funds': 0, 'trade_timestamp': None, 'order_timestamp': 1731242052984, 'timestamp': 1731242063567, 'stream_type': 'REALTIME'}
[21:34:23.582][1]bit33333333333333333 매수취소(C0111000000104713480), {'type': 'myOrder', 'code': 'KRW-BTG', 'uuid': 'C0111000000104713480', 'ask_bid': 'BID', 'order_type': 'limit', 'state': 'cancel', 'trade_uuid': None, 'price': 36910, 'volume': 0.40551, 'remaining_volume': 0.40551, 'executed_volume': 0, 'trades_count': 0, 'reserved_fee': 37.41843525, 'remaining_fee': 37.41843525, 'paid_fee': 0, 'executed_funds': 0, 'trade_timestamp': None, 'order_timestamp': 1731242052984, 'timestamp': 1731242063567, 'stream_type': 'REALTIME'}
[21:34:23.582][1]bit 4444444444444 쓰레드 정리 isclear isClear(C0111000000104713480), 남은양:0.40551, {'type': 'myOrder', 'code': 'KRW-BTG', 'uuid': 'C0111000000104713480', 'ask_bid': 'BID', 'order_type': 'limit', 'state': 'cancel', 'trade_uuid': None, 'price': 36910, 'volume': 0.40551, 'remaining_volume': 0.40551, 'executed_volume': 0, 'trades_count': 0, 'reserved_fee': 37.41843525, 'remaining_fee': 37.41843525, 'paid_fee': 0, 'executed_funds': 0, 'trade_timestamp': None, 'order_timestamp': 1731242052984, 'timestamp': 1731242063567, 'stream_type': 'REALTIME'}
[21:34:23.583][MyApi]stop_threads 시작 C0111000000104713480
[21:34:23.585]빗썸 [1][MyApi]쓰레드 종료
[21:34:23.585][1] 666666666666666 [MyApi]stop_threads 종료 C0111000000104713480
[21:34:25.246][2]빗썸탈출신청(C0111000000104713488) mode:1, 빗썸매수3까지 내려옴. 매수금액(36920.0), 매수2(36930.0)
[21:34:25.247][3]빗썸탈출신청(C0111000000104713492) mode:1, 빗썸매수3까지 내려옴. 매수금액(36920.0), 매수2(36930.0)
[21:34:25.573][2]빗썸탈출신청결과(C0111000000104713488) status_code:200 , {'uuid': 'C0111000000104713488', 'side': 'bid', 'ord_type': 'limit', 'price': '36920', 'state': 'wait', 'market': 'KRW-BTG', 'created_at': '2024-11-10T21:34:20+09:00', 'volume': '29.78651', 'remaining_volume': '29.78651', 'reserved_fee': '2749.294873', 'remaining_fee': '2749.294873', 'paid_fee': '0', 'locked': '1102468.244073', 'executed_volume': '0', 'trades_count': 0}
[21:34:25.591][3]빗썸탈출신청결과(C0111000000104713492) status_code:200 , {'uuid': 'C0111000000104713492', 'side': 'bid', 'ord_type': 'limit', 'price': '36920', 'state': 'wait', 'market': 'KRW-BTG', 'created_at': '2024-11-10T21:34:23+09:00', 'volume': '2.4053', 'remaining_volume': '2.4053', 'reserved_fee': '222.00919', 'remaining_fee': '222.00919', 'paid_fee': '0', 'locked': '89026.68519', 'executed_volume': '0', 'trades_count': 0}
[21:34:25.630][2][bit](BID) 주문상태:cancel, {'type': 'myOrder', 'code': 'KRW-BTG', 'uuid': 'C0111000000104713488', 'ask_bid': 'BID', 'order_type': 'limit', 'state': 'cancel', 'trade_uuid': None, 'price': 36920, 'volume': 29.78651, 'remaining_volume': 29.78651, 'executed_volume': 0, 'trades_count': 0, 'reserved_fee': 2749.294873, 'remaining_fee': 2749.294873, 'paid_fee': 0, 'executed_funds': 0, 'trade_timestamp': None, 'order_timestamp': 1731242060922, 'timestamp': 1731242065609, 'stream_type': 'REALTIME'}
[21:34:25.630][2]bit33333333333333333 매수취소(C0111000000104713488), {'type': 'myOrder', 'code': 'KRW-BTG', 'uuid': 'C0111000000104713488', 'ask_bid': 'BID', 'order_type': 'limit', 'state': 'cancel', 'trade_uuid': None, 'price': 36920, 'volume': 29.78651, 'remaining_volume': 29.78651, 'executed_volume': 0, 'trades_count': 0, 'reserved_fee': 2749.294873, 'remaining_fee': 2749.294873, 'paid_fee': 0, 'executed_funds': 0, 'trade_timestamp': None, 'order_timestamp': 1731242060922, 'timestamp': 1731242065609, 'stream_type': 'REALTIME'}
[21:34:25.630][2]bit 4444444444444 쓰레드 정리 isclear isClear(C0111000000104713488), 남은양:29.78651, {'type': 'myOrder', 'code': 'KRW-BTG', 'uuid': 'C0111000000104713488', 'ask_bid': 'BID', 'order_type': 'limit', 'state': 'cancel', 'trade_uuid': None, 'price': 36920, 'volume': 29.78651, 'remaining_volume': 29.78651, 'executed_volume': 0, 'trades_count': 0, 'reserved_fee': 2749.294873, 'remaining_fee': 2749.294873, 'paid_fee': 0, 'executed_funds': 0, 'trade_timestamp': None, 'order_timestamp': 1731242060922, 'timestamp': 1731242065609, 'stream_type': 'REALTIME'}
[21:34:25.631][3][bit](BID) 주문상태:cancel, {'type': 'myOrder', 'code': 'KRW-BTG', 'uuid': 'C0111000000104713492', 'ask_bid': 'BID', 'order_type': 'limit', 'state': 'cancel', 'trade_uuid': None, 'price': 36920, 'volume': 2.4053, 'remaining_volume': 2.4053, 'executed_volume': 0, 'trades_count': 0, 'reserved_fee': 222.00919, 'remaining_fee': 222.00919, 'paid_fee': 0, 'executed_funds': 0, 'trade_timestamp': None, 'order_timestamp': 1731242063190, 'timestamp': 1731242065610, 'stream_type': 'REALTIME'}
[21:34:25.631][3]bit33333333333333333 매수취소(C0111000000104713492), {'type': 'myOrder', 'code': 'KRW-BTG', 'uuid': 'C0111000000104713492', 'ask_bid': 'BID', 'order_type': 'limit', 'state': 'cancel', 'trade_uuid': None, 'price': 36920, 'volume': 2.4053, 'remaining_volume': 2.4053, 'executed_volume': 0, 'trades_count': 0, 'reserved_fee': 222.00919, 'remaining_fee': 222.00919, 'paid_fee': 0, 'executed_funds': 0, 'trade_timestamp': None, 'order_timestamp': 1731242063190, 'timestamp': 1731242065610, 'stream_type': 'REALTIME'}
[21:34:25.631][3]bit 4444444444444 쓰레드 정리 isclear isClear(C0111000000104713492), 남은양:2.4053, {'type': 'myOrder', 'code': 'KRW-BTG', 'uuid': 'C0111000000104713492', 'ask_bid': 'BID', 'order_type': 'limit', 'state': 'cancel', 'trade_uuid': None, 'price': 36920, 'volume': 2.4053, 'remaining_volume': 2.4053, 'executed_volume': 0, 'trades_count': 0, 'reserved_fee': 222.00919, 'remaining_fee': 222.00919, 'paid_fee': 0, 'executed_funds': 0, 'trade_timestamp': None, 'order_timestamp': 1731242063190, 'timestamp': 1731242065610, 'stream_type': 'REALTIME'}
[21:34:25.632][MyApi]stop_threads 시작 C0111000000104713488
[21:34:25.632][3]빗썸탈출신청(C0111000000104713492) mode:1, 빗썸매수3까지 내려옴. 매수금액(36920.0), 매수2(36930.0)
[21:34:25.633][MyApi]stop_threads 시작 C0111000000104713492
[21:34:25.636]빗썸 [2][MyApi]쓰레드 종료
[21:34:25.637][2] 666666666666666 [MyApi]stop_threads 종료 C0111000000104713488
[21:34:25.861][3]빗썸탈출신청결과(C0111000000104713492) status_code:404 , {'error': {'name': 'order_not_found', 'message': '주문을 찾지 못했습니다.'}}
[21:34:25.865]빗썸 [3][MyApi]쓰레드 종료
[21:34:25.865][3] 666666666666666 [MyApi]stop_threads 종료 C0111000000104713492
[21:34:36.972][bit]프로그램으로 신청한게 아닌거 같음. 확인 필요.C0111000000104713518, wait, {'type': 'myOrder', 'code': 'KRW-BTG', 'uuid': 'C0111000000104713518', 'ask_bid': 'BID', 'order_type': 'limit', 'state': 'wait', 'trade_uuid': None, 'price': 36910, 'volume': 45, 'remaining_volume': 45, 'executed_volume': 0, 'trades_count': 0, 'reserved_fee': 4152.375, 'remaining_fee': 4152.375, 'paid_fee': 0, 'executed_funds': 0, 'trade_timestamp': None, 'order_timestamp': 1731242076876, 'timestamp': 1731242076964, 'stream_type': 'REALTIME'}
[21:34:36.989][4]빗썸1111111111111매수신청 완료(C0111000000104713518), mode:1, result:{'uuid': 'C0111000000104713518', 'side': 'bid', 'ord_type': 'limit', 'price': '36910', 'state': 'wait', 'market': 'KRW-BTG', 'created_at': '2024-11-10T21:34:36+09:00', 'volume': '45', 'remaining_volume': '45', 'reserved_fee': '4152.375', 'remaining_fee': '4152.375', 'paid_fee': '0', 'locked': '1665103.375', 'executed_volume': '0', 'trades_count': 0}
[21:34:37.932][5]빗썸1111111111111매수신청 완료(C0111000000104713525), mode:1, result:{'uuid': 'C0111000000104713525', 'side': 'bid', 'ord_type': 'limit', 'price': '36910', 'state': 'wait', 'market': 'KRW-BTG', 'created_at': '2024-11-10T21:34:37+09:00', 'volume': '45', 'remaining_volume': '45', 'reserved_fee': '4152.375', 'remaining_fee': '4152.375', 'paid_fee': '0', 'locked': '1665103.375', 'executed_volume': '0', 'trades_count': 0}
[21:34:37.976][5][bit](BID) 주문상태:wait, {'type': 'myOrder', 'code': 'KRW-BTG', 'uuid': 'C0111000000104713525', 'ask_bid': 'BID', 'order_type': 'limit', 'state': 'wait', 'trade_uuid': None, 'price': 36910, 'volume': 45, 'remaining_volume': 45, 'executed_volume': 0, 'trades_count': 0, 'reserved_fee': 4152.375, 'remaining_fee': 4152.375, 'paid_fee': 0, 'executed_funds': 0, 'trade_timestamp': None, 'order_timestamp': 1731242077852, 'timestamp': 1731242077954, 'stream_type': 'REALTIME'}
[21:34:37.978][5]bit22222222222222222 매수대기 (C0111000000104713525),{'type': 'myOrder', 'code': 'KRW-BTG', 'uuid': 'C0111000000104713525', 'ask_bid': 'BID', 'order_type': 'limit', 'state': 'wait', 'trade_uuid': None, 'price': 36910, 'volume': 45, 'remaining_volume': 45, 'executed_volume': 0, 'trades_count': 0, 'reserved_fee': 4152.375, 'remaining_fee': 4152.375, 'paid_fee': 0, 'executed_funds': 0, 'trade_timestamp': None, 'order_timestamp': 1731242077852, 'timestamp': 1731242077954, 'stream_type': 'REALTIME'}
[21:34:38.944][4]빗썸탈출신청(C0111000000104713518) mode:1, 빗썸매수3까지 내려옴. 매수금액(36910.0), 매수2(36920.0)
[21:34:38.945][5]빗썸탈출신청(C0111000000104713525) mode:1, 빗썸매수3까지 내려옴. 매수금액(36910.0), 매수2(36920.0)
[21:34:39.227][5]빗썸탈출신청결과(C0111000000104713525) status_code:200 , {'uuid': 'C0111000000104713525', 'side': 'bid', 'ord_type': 'limit', 'price': '36910', 'state': 'wait', 'market': 'KRW-BTG', 'created_at': '2024-11-10T21:34:37+09:00', 'volume': '45', 'remaining_volume': '45', 'reserved_fee': '4152.375', 'remaining_fee': '4152.375', 'paid_fee': '0', 'locked': '1665103.375', 'executed_volume': '0', 'trades_count': 0}
[21:34:39.231][4]빗썸탈출신청결과(C0111000000104713518) status_code:200 , {'uuid': 'C0111000000104713518', 'side': 'bid', 'ord_type': 'limit', 'price': '36910', 'state': 'wait', 'market': 'KRW-BTG', 'created_at': '2024-11-10T21:34:36+09:00', 'volume': '45', 'remaining_volume': '45', 'reserved_fee': '4152.375', 'remaining_fee': '4152.375', 'paid_fee': '0', 'locked': '1665103.375', 'executed_volume': '0', 'trades_count': 0}
[21:34:39.257][5][bit](BID) 주문상태:cancel, {'type': 'myOrder', 'code': 'KRW-BTG', 'uuid': 'C0111000000104713525', 'ask_bid': 'BID', 'order_type': 'limit', 'state': 'cancel', 'trade_uuid': None, 'price': 36910, 'volume': 45, 'remaining_volume': 45, 'executed_volume': 0, 'trades_count': 0, 'reserved_fee': 4152.375, 'remaining_fee': 4152.375, 'paid_fee': 0, 'executed_funds': 0, 'trade_timestamp': None, 'order_timestamp': 1731242077852, 'timestamp': 1731242079249, 'stream_type': 'REALTIME'}
[21:34:39.257][5]bit33333333333333333 매수취소(C0111000000104713525), {'type': 'myOrder', 'code': 'KRW-BTG', 'uuid': 'C0111000000104713525', 'ask_bid': 'BID', 'order_type': 'limit', 'state': 'cancel', 'trade_uuid': None, 'price': 36910, 'volume': 45, 'remaining_volume': 45, 'executed_volume': 0, 'trades_count': 0, 'reserved_fee': 4152.375, 'remaining_fee': 4152.375, 'paid_fee': 0, 'executed_funds': 0, 'trade_timestamp': None, 'order_timestamp': 1731242077852, 'timestamp': 1731242079249, 'stream_type': 'REALTIME'}
[21:34:39.257][5]bit 4444444444444 쓰레드 정리 isclear isClear(C0111000000104713525), 남은양:45.0, {'type': 'myOrder', 'code': 'KRW-BTG', 'uuid': 'C0111000000104713525', 'ask_bid': 'BID', 'order_type': 'limit', 'state': 'cancel', 'trade_uuid': None, 'price': 36910, 'volume': 45, 'remaining_volume': 45, 'executed_volume': 0, 'trades_count': 0, 'reserved_fee': 4152.375, 'remaining_fee': 4152.375, 'paid_fee': 0, 'executed_funds': 0, 'trade_timestamp': None, 'order_timestamp': 1731242077852, 'timestamp': 1731242079249, 'stream_type': 'REALTIME'}
[21:34:39.258][MyApi]stop_threads 시작 C0111000000104713525
[21:34:39.259][4]빗썸탈출신청(C0111000000104713518) mode:1, 빗썸매수3까지 내려옴. 매수금액(36910.0), 매수2(36920.0)
[21:34:39.261]빗썸 [5][MyApi]쓰레드 종료
[21:34:39.261][5] 666666666666666 [MyApi]stop_threads 종료 C0111000000104713525
[21:34:39.307][4][bit](BID) 주문상태:cancel, {'type': 'myOrder', 'code': 'KRW-BTG', 'uuid': 'C0111000000104713518', 'ask_bid': 'BID', 'order_type': 'limit', 'state': 'cancel', 'trade_uuid': None, 'price': 36910, 'volume': 45, 'remaining_volume': 45, 'executed_volume': 0, 'trades_count': 0, 'reserved_fee': 4152.375, 'remaining_fee': 4152.375, 'paid_fee': 0, 'executed_funds': 0, 'trade_timestamp': None, 'order_timestamp': 1731242076876, 'timestamp': 1731242079299, 'stream_type': 'REALTIME'}
[21:34:39.307][4]bit33333333333333333 매수취소(C0111000000104713518), {'type': 'myOrder', 'code': 'KRW-BTG', 'uuid': 'C0111000000104713518', 'ask_bid': 'BID', 'order_type': 'limit', 'state': 'cancel', 'trade_uuid': None, 'price': 36910, 'volume': 45, 'remaining_volume': 45, 'executed_volume': 0, 'trades_count': 0, 'reserved_fee': 4152.375, 'remaining_fee': 4152.375, 'paid_fee': 0, 'executed_funds': 0, 'trade_timestamp': None, 'order_timestamp': 1731242076876, 'timestamp': 1731242079299, 'stream_type': 'REALTIME'}
[21:34:39.307][4]bit 4444444444444 쓰레드 정리 isclear isClear(C0111000000104713518), 남은양:45.0, {'type': 'myOrder', 'code': 'KRW-BTG', 'uuid': 'C0111000000104713518', 'ask_bid': 'BID', 'order_type': 'limit', 'state': 'cancel', 'trade_uuid': None, 'price': 36910, 'volume': 45, 'remaining_volume': 45, 'executed_volume': 0, 'trades_count': 0, 'reserved_fee': 4152.375, 'remaining_fee': 4152.375, 'paid_fee': 0, 'executed_funds': 0, 'trade_timestamp': None, 'order_timestamp': 1731242076876, 'timestamp': 1731242079299, 'stream_type': 'REALTIME'}
[21:34:39.310][MyApi]stop_threads 시작 C0111000000104713518
[21:34:39.422][4]빗썸탈출신청결과(C0111000000104713518) status_code:404 , {'error': {'name': 'order_not_found', 'message': '주문을 찾지 못했습니다.'}}
[21:34:39.426]빗썸 [4][MyApi]쓰레드 종료
[21:34:39.426][4] 666666666666666 [MyApi]stop_threads 종료 C0111000000104713518
[21:37:44.229][6]업빗1111111111111매수신청 완료(60851385-46e1-419f-86f9-aa4ae0e6b2b7), mode:1, result:{'uuid': '60851385-46e1-419f-86f9-aa4ae0e6b2b7', 'side': 'bid', 'ord_type': 'limit', 'price': '36830', 'state': 'wait', 'market': 'KRW-BTG', 'created_at': '2024-11-10T21:37:44+09:00', 'volume': '2.4484', 'remaining_volume': '2.4484', 'reserved_fee': '45.087286', 'remaining_fee': '45.087286', 'paid_fee': '0', 'locked': '90219.659286', 'executed_volume': '0', 'trades_count': 0}
[21:37:44.257][6][up](BID) 주문상태:wait, {'type': 'myOrder', 'code': 'KRW-BTG', 'uuid': '60851385-46e1-419f-86f9-aa4ae0e6b2b7', 'ask_bid': 'BID', 'order_type': 'limit', 'state': 'wait', 'trade_uuid': None, 'price': 36830, 'avg_price': 0, 'volume': 2.4484, 'remaining_volume': 2.4484, 'executed_volume': 0, 'trades_count': 0, 'reserved_fee': 45.087286, 'remaining_fee': 45.087286, 'paid_fee': 0, 'locked': 90219.659286, 'executed_funds': 0, 'time_in_force': None, 'trade_timestamp': None, 'order_timestamp': 1731242264000, 'timestamp': 1731242264249, 'stream_type': 'REALTIME'}
[21:37:44.258][6]up22222222222222222 매수대기 (60851385-46e1-419f-86f9-aa4ae0e6b2b7),{'type': 'myOrder', 'code': 'KRW-BTG', 'uuid': '60851385-46e1-419f-86f9-aa4ae0e6b2b7', 'ask_bid': 'BID', 'order_type': 'limit', 'state': 'wait', 'trade_uuid': None, 'price': 36830, 'avg_price': 0, 'volume': 2.4484, 'remaining_volume': 2.4484, 'executed_volume': 0, 'trades_count': 0, 'reserved_fee': 45.087286, 'remaining_fee': 45.087286, 'paid_fee': 0, 'locked': 90219.659286, 'executed_funds': 0, 'time_in_force': None, 'trade_timestamp': None, 'order_timestamp': 1731242264000, 'timestamp': 1731242264249, 'stream_type': 'REALTIME'}
[21:37:47.939][6][up](BID) 주문상태:trade, {'type': 'myOrder', 'code': 'KRW-BTG', 'uuid': '60851385-46e1-419f-86f9-aa4ae0e6b2b7', 'ask_bid': 'BID', 'order_type': 'limit', 'state': 'trade', 'trade_uuid': '0b88b6bb-bb8d-472c-b42a-f1e20ec66c4c', 'price': 36830, 'avg_price': 36848.415, 'volume': 2.4484, 'remaining_volume': 0, 'executed_volume': 2.4484, 'trades_count': 1, 'reserved_fee': 45.087286, 'remaining_fee': 0, 'paid_fee': 45.087286, 'locked': 0, 'executed_funds': 90174.572, 'time_in_force': None, 'trade_timestamp': 1731242267848, 'order_timestamp': 1731242264000, 'timestamp': 1731242267925, 'stream_type': 'REALTIME'}
[21:37:47.941][6]up33333333333333333 매수 부분매수(60851385-46e1-419f-86f9-aa4ae0e6b2b7), {'type': 'myOrder', 'code': 'KRW-BTG', 'uuid': '60851385-46e1-419f-86f9-aa4ae0e6b2b7', 'ask_bid': 'BID', 'order_type': 'limit', 'state': 'trade', 'trade_uuid': '0b88b6bb-bb8d-472c-b42a-f1e20ec66c4c', 'price': 36830, 'avg_price': 36848.415, 'volume': 2.4484, 'remaining_volume': 0, 'executed_volume': 2.4484, 'trades_count': 1, 'reserved_fee': 45.087286, 'remaining_fee': 0, 'paid_fee': 45.087286, 'locked': 0, 'executed_funds': 90174.572, 'time_in_force': None, 'trade_timestamp': 1731242267848, 'order_timestamp': 1731242264000, 'timestamp': 1731242267925, 'stream_type': 'REALTIME'}
[21:37:47.941][6]SellToMarket(bit) 시작 (60851385-46e1-419f-86f9-aa4ae0e6b2b7),{'type': 'myOrder', 'code': 'KRW-BTG', 'uuid': '60851385-46e1-419f-86f9-aa4ae0e6b2b7', 'ask_bid': 'BID', 'order_type': 'limit', 'state': 'trade', 'trade_uuid': '0b88b6bb-bb8d-472c-b42a-f1e20ec66c4c', 'price': 36830, 'avg_price': 36848.415, 'volume': 2.4484, 'remaining_volume': 0, 'executed_volume': 2.4484, 'trades_count': 1, 'reserved_fee': 45.087286, 'remaining_fee': 0, 'paid_fee': 45.087286, 'locked': 0, 'executed_funds': 90174.572, 'time_in_force': None, 'trade_timestamp': 1731242267848, 'order_timestamp': 1731242264000, 'timestamp': 1731242267925, 'stream_type': 'REALTIME'}
[21:37:47.943][6][up](BID) 주문상태:done, {'type': 'myOrder', 'code': 'KRW-BTG', 'uuid': '60851385-46e1-419f-86f9-aa4ae0e6b2b7', 'ask_bid': 'BID', 'order_type': 'limit', 'state': 'done', 'trade_uuid': None, 'price': 36830, 'avg_price': 36848.415, 'volume': 2.4484, 'remaining_volume': 0, 'executed_volume': 2.4484, 'trades_count': 1, 'reserved_fee': 45.087286, 'remaining_fee': 0, 'paid_fee': 45.087286, 'locked': 0, 'executed_funds': 90174.572, 'time_in_force': None, 'trade_timestamp': None, 'order_timestamp': 1731242264000, 'timestamp': 1731242267925, 'stream_type': 'REALTIME'}
[21:37:47.944][6]bit매도직전 
[21:37:47.949][6]up업빗 done이므로 무시.(60851385-46e1-419f-86f9-aa4ae0e6b2b7), 체결량:2.4484, {'type': 'myOrder', 'code': 'KRW-BTG', 'uuid': '60851385-46e1-419f-86f9-aa4ae0e6b2b7', 'ask_bid': 'BID', 'order_type': 'limit', 'state': 'done', 'trade_uuid': None, 'price': 36830, 'avg_price': 36848.415, 'volume': 2.4484, 'remaining_volume': 0, 'executed_volume': 2.4484, 'trades_count': 1, 'reserved_fee': 45.087286, 'remaining_fee': 0, 'paid_fee': 45.087286, 'locked': 0, 'executed_funds': 90174.572, 'time_in_force': None, 'trade_timestamp': None, 'order_timestamp': 1731242264000, 'timestamp': 1731242267925, 'stream_type': 'REALTIME'}
[21:37:48.006][6]업빗탈출신청(60851385-46e1-419f-86f9-aa4ae0e6b2b7) mode:1, 매수하고 남은 양이 너무 적음. 매수되버리면 짜투리 됨 0.0
[21:37:48.143][6]업빗탈출신청결과(60851385-46e1-419f-86f9-aa4ae0e6b2b7) status_code:400 , {'error': {'name': 'done_order', 'message': '이미 체결된 주문입니다.'}}
[21:37:48.169][6]업빗탈출신청(60851385-46e1-419f-86f9-aa4ae0e6b2b7) mode:1, 매수하고 남은 양이 너무 적음. 매수되버리면 짜투리 됨 0.0
[21:37:48.263][6]bit매도직후2 result:{'uuid': 'C0111000000104713802', 'side': 'ask', 'ord_type': 'market', 'state': 'wait', 'market': 'KRW-BTG', 'created_at': '2024-11-10T21:37:48+09:00', 'volume': '2.4484', 'remaining_volume': '2.4484', 'reserved_fee': '0', 'remaining_fee': '0', 'paid_fee': '0', 'locked': '2.4484', 'executed_volume': '0', 'trades_count': 0} 
[21:37:48.264][6]bit 555555555555555 매도신청 완료 (C0111000000104713802),{'uuid': 'C0111000000104713802', 'side': 'ask', 'ord_type': 'market', 'state': 'wait', 'market': 'KRW-BTG', 'created_at': '2024-11-10T21:37:48+09:00', 'volume': '2.4484', 'remaining_volume': '2.4484', 'reserved_fee': '0', 'remaining_fee': '0', 'paid_fee': '0', 'locked': '2.4484', 'executed_volume': '0', 'trades_count': 0}
[21:37:48.265][6]up 4444444444444 쓰레드 정리 isclear isClear(60851385-46e1-419f-86f9-aa4ae0e6b2b7), 남은양:0.0, {'type': 'myOrder', 'code': 'KRW-BTG', 'uuid': '60851385-46e1-419f-86f9-aa4ae0e6b2b7', 'ask_bid': 'BID', 'order_type': 'limit', 'state': 'trade', 'trade_uuid': '0b88b6bb-bb8d-472c-b42a-f1e20ec66c4c', 'price': 36830, 'avg_price': 36848.415, 'volume': 2.4484, 'remaining_volume': 0, 'executed_volume': 2.4484, 'trades_count': 1, 'reserved_fee': 45.087286, 'remaining_fee': 0, 'paid_fee': 45.087286, 'locked': 0, 'executed_funds': 90174.572, 'time_in_force': None, 'trade_timestamp': 1731242267848, 'order_timestamp': 1731242264000, 'timestamp': 1731242267925, 'stream_type': 'REALTIME'}
[21:37:48.266][MyApi]stop_threads 시작 60851385-46e1-419f-86f9-aa4ae0e6b2b7
[21:37:48.271][6]업빗탈출신청결과(60851385-46e1-419f-86f9-aa4ae0e6b2b7) status_code:400 , {'error': {'name': 'done_order', 'message': '이미 체결된 주문입니다.'}}
[21:37:48.275]업빗 [6][MyApi]쓰레드 종료
[21:37:48.275][6] 666666666666666 [MyApi]stop_threads 종료 60851385-46e1-419f-86f9-aa4ae0e6b2b7
[21:37:48.323][6][bit](ASK) 주문상태:done, {'type': 'myOrder', 'code': 'KRW-BTG', 'uuid': 'C0111000000104713802', 'ask_bid': 'ASK', 'order_type': 'market', 'state': 'done', 'trade_uuid': 'C0111000000014704140', 'price': 36910, 'volume': 2.4484, 'remaining_volume': 0, 'executed_volume': 2.4484, 'trades_count': 1, 'reserved_fee': 0, 'remaining_fee': 0, 'paid_fee': 0, 'executed_funds': 90370.444, 'trade_timestamp': 1731242268201, 'order_timestamp': 1731242268190, 'timestamp': 1731242268313, 'stream_type': 'REALTIME'}
[21:37:48.323][6]bit 77777777777 매도 완료 매수:60851385-46e1-419f-86f9-aa4ae0e6b2b7, 매도:(C0111000000104713802), {'type': 'myOrder', 'code': 'KRW-BTG', 'uuid': 'C0111000000104713802', 'ask_bid': 'ASK', 'order_type': 'market', 'state': 'done', 'trade_uuid': 'C0111000000014704140', 'price': 36910, 'volume': 2.4484, 'remaining_volume': 0, 'executed_volume': 2.4484, 'trades_count': 1, 'reserved_fee': 0, 'remaining_fee': 0, 'paid_fee': 0, 'executed_funds': 90370.444, 'trade_timestamp': 1731242268201, 'order_timestamp': 1731242268190, 'timestamp': 1731242268313, 'stream_type': 'REALTIME'}
[21:37:48.644][7]업빗1111111111111매수신청 완료(a15e93ec-3465-4ef8-9818-63f62c012078), mode:1, result:{'uuid': 'a15e93ec-3465-4ef8-9818-63f62c012078', 'side': 'bid', 'ord_type': 'limit', 'price': '36820', 'state': 'wait', 'market': 'KRW-BTG', 'created_at': '2024-11-10T21:37:48+09:00', 'volume': '6.7417', 'remaining_volume': '6.7417', 'reserved_fee': '124.114697', 'remaining_fee': '124.114697', 'paid_fee': '0', 'locked': '248353.508697', 'executed_volume': '0', 'trades_count': 0}
[21:37:48.677][7][up](BID) 주문상태:wait, {'type': 'myOrder', 'code': 'KRW-BTG', 'uuid': 'a15e93ec-3465-4ef8-9818-63f62c012078', 'ask_bid': 'BID', 'order_type': 'limit', 'state': 'wait', 'trade_uuid': None, 'price': 36820, 'avg_price': 0, 'volume': 6.7417, 'remaining_volume': 6.7417, 'executed_volume': 0, 'trades_count': 0, 'reserved_fee': 124.114697, 'remaining_fee': 124.114697, 'paid_fee': 0, 'locked': 248353.508697, 'executed_funds': 0, 'time_in_force': None, 'trade_timestamp': None, 'order_timestamp': 1731242268000, 'timestamp': 1731242268663, 'stream_type': 'REALTIME'}
[21:37:48.678][7]up22222222222222222 매수대기 (a15e93ec-3465-4ef8-9818-63f62c012078),{'type': 'myOrder', 'code': 'KRW-BTG', 'uuid': 'a15e93ec-3465-4ef8-9818-63f62c012078', 'ask_bid': 'BID', 'order_type': 'limit', 'state': 'wait', 'trade_uuid': None, 'price': 36820, 'avg_price': 0, 'volume': 6.7417, 'remaining_volume': 6.7417, 'executed_volume': 0, 'trades_count': 0, 'reserved_fee': 124.114697, 'remaining_fee': 124.114697, 'paid_fee': 0, 'locked': 248353.508697, 'executed_funds': 0, 'time_in_force': None, 'trade_timestamp': None, 'order_timestamp': 1731242268000, 'timestamp': 1731242268663, 'stream_type': 'REALTIME'}
[21:37:48.928][7]업빗탈출신청(a15e93ec-3465-4ef8-9818-63f62c012078) mode:1, 차익 부족10.0(18.41)
[21:37:49.036][7]업빗탈출신청결과(a15e93ec-3465-4ef8-9818-63f62c012078) status_code:200 , {'uuid': 'a15e93ec-3465-4ef8-9818-63f62c012078', 'side': 'bid', 'ord_type': 'limit', 'price': '36820', 'state': 'wait', 'market': 'KRW-BTG', 'created_at': '2024-11-10T21:37:48+09:00', 'volume': '6.7417', 'remaining_volume': '6.7417', 'reserved_fee': '124.114697', 'remaining_fee': '124.114697', 'paid_fee': '0', 'locked': '248353.508697', 'executed_volume': '0', 'trades_count': 0}
[21:37:49.086][7][up](BID) 주문상태:cancel, {'type': 'myOrder', 'code': 'KRW-BTG', 'uuid': 'a15e93ec-3465-4ef8-9818-63f62c012078', 'ask_bid': 'BID', 'order_type': 'limit', 'state': 'cancel', 'trade_uuid': None, 'price': 36820, 'avg_price': 0, 'volume': 6.7417, 'remaining_volume': 6.7417, 'executed_volume': 0, 'trades_count': 0, 'reserved_fee': 124.114697, 'remaining_fee': 124.114697, 'paid_fee': 0, 'locked': 248353.508697, 'executed_funds': 0, 'time_in_force': None, 'trade_timestamp': None, 'order_timestamp': 1731242268000, 'timestamp': 1731242269078, 'stream_type': 'REALTIME'}
[21:37:49.087][7]up33333333333333333 매수취소(a15e93ec-3465-4ef8-9818-63f62c012078), {'type': 'myOrder', 'code': 'KRW-BTG', 'uuid': 'a15e93ec-3465-4ef8-9818-63f62c012078', 'ask_bid': 'BID', 'order_type': 'limit', 'state': 'cancel', 'trade_uuid': None, 'price': 36820, 'avg_price': 0, 'volume': 6.7417, 'remaining_volume': 6.7417, 'executed_volume': 0, 'trades_count': 0, 'reserved_fee': 124.114697, 'remaining_fee': 124.114697, 'paid_fee': 0, 'locked': 248353.508697, 'executed_funds': 0, 'time_in_force': None, 'trade_timestamp': None, 'order_timestamp': 1731242268000, 'timestamp': 1731242269078, 'stream_type': 'REALTIME'}
[21:37:49.087][7]up 4444444444444 쓰레드 정리 isclear isClear(a15e93ec-3465-4ef8-9818-63f62c012078), 남은양:6.7417, {'type': 'myOrder', 'code': 'KRW-BTG', 'uuid': 'a15e93ec-3465-4ef8-9818-63f62c012078', 'ask_bid': 'BID', 'order_type': 'limit', 'state': 'cancel', 'trade_uuid': None, 'price': 36820, 'avg_price': 0, 'volume': 6.7417, 'remaining_volume': 6.7417, 'executed_volume': 0, 'trades_count': 0, 'reserved_fee': 124.114697, 'remaining_fee': 124.114697, 'paid_fee': 0, 'locked': 248353.508697, 'executed_funds': 0, 'time_in_force': None, 'trade_timestamp': None, 'order_timestamp': 1731242268000, 'timestamp': 1731242269078, 'stream_type': 'REALTIME'}
[21:37:49.088][MyApi]stop_threads 시작 a15e93ec-3465-4ef8-9818-63f62c012078
[21:37:49.092]업빗 [7][MyApi]쓰레드 종료
[21:37:49.092][7] 666666666666666 [MyApi]stop_threads 종료 a15e93ec-3465-4ef8-9818-63f62c012078
[21:39:20.413][8]빗썸1111111111111매수신청 완료(C0111000000104714024), mode:1, result:{'uuid': 'C0111000000104714024', 'side': 'bid', 'ord_type': 'limit', 'price': '36720', 'state': 'wait', 'market': 'KRW-BTG', 'created_at': '2024-11-10T21:39:20+09:00', 'volume': '45', 'remaining_volume': '45', 'reserved_fee': '4131', 'remaining_fee': '4131', 'paid_fee': '0', 'locked': '1656532', 'executed_volume': '0', 'trades_count': 0}
[21:39:20.430][8][bit](BID) 주문상태:wait, {'type': 'myOrder', 'code': 'KRW-BTG', 'uuid': 'C0111000000104714024', 'ask_bid': 'BID', 'order_type': 'limit', 'state': 'wait', 'trade_uuid': None, 'price': 36720, 'volume': 45, 'remaining_volume': 45, 'executed_volume': 0, 'trades_count': 0, 'reserved_fee': 4131, 'remaining_fee': 4131, 'paid_fee': 0, 'executed_funds': 0, 'trade_timestamp': None, 'order_timestamp': 1731242360302, 'timestamp': 1731242360407, 'stream_type': 'REALTIME'}
[21:39:20.432][8]bit22222222222222222 매수대기 (C0111000000104714024),{'type': 'myOrder', 'code': 'KRW-BTG', 'uuid': 'C0111000000104714024', 'ask_bid': 'BID', 'order_type': 'limit', 'state': 'wait', 'trade_uuid': None, 'price': 36720, 'volume': 45, 'remaining_volume': 45, 'executed_volume': 0, 'trades_count': 0, 'reserved_fee': 4131, 'remaining_fee': 4131, 'paid_fee': 0, 'executed_funds': 0, 'trade_timestamp': None, 'order_timestamp': 1731242360302, 'timestamp': 1731242360407, 'stream_type': 'REALTIME'}
[21:39:21.230][9]빗썸1111111111111매수신청 완료(C0111000000104714026), mode:1, result:{'uuid': 'C0111000000104714026', 'side': 'bid', 'ord_type': 'limit', 'price': '36720', 'state': 'wait', 'market': 'KRW-BTG', 'created_at': '2024-11-10T21:39:21+09:00', 'volume': '45', 'remaining_volume': '45', 'reserved_fee': '4131', 'remaining_fee': '4131', 'paid_fee': '0', 'locked': '1656532', 'executed_volume': '0', 'trades_count': 0}
[21:39:21.260][9][bit](BID) 주문상태:wait, {'type': 'myOrder', 'code': 'KRW-BTG', 'uuid': 'C0111000000104714026', 'ask_bid': 'BID', 'order_type': 'limit', 'state': 'wait', 'trade_uuid': None, 'price': 36720, 'volume': 45, 'remaining_volume': 45, 'executed_volume': 0, 'trades_count': 0, 'reserved_fee': 4131, 'remaining_fee': 4131, 'paid_fee': 0, 'executed_funds': 0, 'trade_timestamp': None, 'order_timestamp': 1731242361156, 'timestamp': 1731242361250, 'stream_type': 'REALTIME'}
[21:39:21.261][9]bit22222222222222222 매수대기 (C0111000000104714026),{'type': 'myOrder', 'code': 'KRW-BTG', 'uuid': 'C0111000000104714026', 'ask_bid': 'BID', 'order_type': 'limit', 'state': 'wait', 'trade_uuid': None, 'price': 36720, 'volume': 45, 'remaining_volume': 45, 'executed_volume': 0, 'trades_count': 0, 'reserved_fee': 4131, 'remaining_fee': 4131, 'paid_fee': 0, 'executed_funds': 0, 'trade_timestamp': None, 'order_timestamp': 1731242361156, 'timestamp': 1731242361250, 'stream_type': 'REALTIME'}
[21:39:22.274][10]빗썸1111111111111매수신청 완료(C0111000000104714028), mode:1, result:{'uuid': 'C0111000000104714028', 'side': 'bid', 'ord_type': 'limit', 'price': '36720', 'state': 'wait', 'market': 'KRW-BTG', 'created_at': '2024-11-10T21:39:22+09:00', 'volume': '45', 'remaining_volume': '45', 'reserved_fee': '4131', 'remaining_fee': '4131', 'paid_fee': '0', 'locked': '1656532', 'executed_volume': '0', 'trades_count': 0}
[21:39:22.363][10][bit](BID) 주문상태:wait, {'type': 'myOrder', 'code': 'KRW-BTG', 'uuid': 'C0111000000104714028', 'ask_bid': 'BID', 'order_type': 'limit', 'state': 'wait', 'trade_uuid': None, 'price': 36720, 'volume': 45, 'remaining_volume': 45, 'executed_volume': 0, 'trades_count': 0, 'reserved_fee': 4131, 'remaining_fee': 4131, 'paid_fee': 0, 'executed_funds': 0, 'trade_timestamp': None, 'order_timestamp': 1731242362194, 'timestamp': 1731242362355, 'stream_type': 'REALTIME'}
[21:39:22.365][10]bit22222222222222222 매수대기 (C0111000000104714028),{'type': 'myOrder', 'code': 'KRW-BTG', 'uuid': 'C0111000000104714028', 'ask_bid': 'BID', 'order_type': 'limit', 'state': 'wait', 'trade_uuid': None, 'price': 36720, 'volume': 45, 'remaining_volume': 45, 'executed_volume': 0, 'trades_count': 0, 'reserved_fee': 4131, 'remaining_fee': 4131, 'paid_fee': 0, 'executed_funds': 0, 'trade_timestamp': None, 'order_timestamp': 1731242362194, 'timestamp': 1731242362355, 'stream_type': 'REALTIME'}
[21:39:34.201][10]빗썸탈출신청(C0111000000104714028) mode:1, 최종적으로 수량 부족으로 탈출. 업빗매수2차익:70.0, BitToUp:73.44, UpToBit:18.4, 남은매수/신청매수:45.0/45.0, buy_amount:5.996251459999996, get_total_units:90.0, up_buy1_amount:95.99625146, up_buy2_amount:171.48525817
[21:39:34.305][9]빗썸탈출신청(C0111000000104714026) mode:1, 최종적으로 수량 부족으로 탈출. 업빗매수2차익:70.0, BitToUp:73.44, UpToBit:18.4, 남은매수/신청매수:45.0/45.0, buy_amount:7.396251460000002, get_total_units:45.0, up_buy1_amount:52.39625146, up_buy2_amount:171.48525817
[21:39:34.444][10]빗썸탈출신청결과(C0111000000104714028) status_code:200 , {'uuid': 'C0111000000104714028', 'side': 'bid', 'ord_type': 'limit', 'price': '36720', 'state': 'wait', 'market': 'KRW-BTG', 'created_at': '2024-11-10T21:39:22+09:00', 'volume': '45', 'remaining_volume': '45', 'reserved_fee': '4131', 'remaining_fee': '4131', 'paid_fee': '0', 'locked': '1656532', 'executed_volume': '0', 'trades_count': 0}
[21:39:34.458][10][bit](BID) 주문상태:cancel, {'type': 'myOrder', 'code': 'KRW-BTG', 'uuid': 'C0111000000104714028', 'ask_bid': 'BID', 'order_type': 'limit', 'state': 'cancel', 'trade_uuid': None, 'price': 36720, 'volume': 45, 'remaining_volume': 45, 'executed_volume': 0, 'trades_count': 0, 'reserved_fee': 4131, 'remaining_fee': 4131, 'paid_fee': 0, 'executed_funds': 0, 'trade_timestamp': None, 'order_timestamp': 1731242362194, 'timestamp': 1731242374451, 'stream_type': 'REALTIME'}
[21:39:34.458][10]bit33333333333333333 매수취소(C0111000000104714028), {'type': 'myOrder', 'code': 'KRW-BTG', 'uuid': 'C0111000000104714028', 'ask_bid': 'BID', 'order_type': 'limit', 'state': 'cancel', 'trade_uuid': None, 'price': 36720, 'volume': 45, 'remaining_volume': 45, 'executed_volume': 0, 'trades_count': 0, 'reserved_fee': 4131, 'remaining_fee': 4131, 'paid_fee': 0, 'executed_funds': 0, 'trade_timestamp': None, 'order_timestamp': 1731242362194, 'timestamp': 1731242374451, 'stream_type': 'REALTIME'}
[21:39:34.458][10]bit 4444444444444 쓰레드 정리 isclear isClear(C0111000000104714028), 남은양:45.0, {'type': 'myOrder', 'code': 'KRW-BTG', 'uuid': 'C0111000000104714028', 'ask_bid': 'BID', 'order_type': 'limit', 'state': 'cancel', 'trade_uuid': None, 'price': 36720, 'volume': 45, 'remaining_volume': 45, 'executed_volume': 0, 'trades_count': 0, 'reserved_fee': 4131, 'remaining_fee': 4131, 'paid_fee': 0, 'executed_funds': 0, 'trade_timestamp': None, 'order_timestamp': 1731242362194, 'timestamp': 1731242374451, 'stream_type': 'REALTIME'}
[21:39:34.460][MyApi]stop_threads 시작 C0111000000104714028
[21:39:34.462]빗썸 [10][MyApi]쓰레드 종료
[21:39:34.462][10] 666666666666666 [MyApi]stop_threads 종료 C0111000000104714028
[21:39:34.591][9]빗썸탈출신청결과(C0111000000104714026) status_code:200 , {'uuid': 'C0111000000104714026', 'side': 'bid', 'ord_type': 'limit', 'price': '36720', 'state': 'wait', 'market': 'KRW-BTG', 'created_at': '2024-11-10T21:39:21+09:00', 'volume': '45', 'remaining_volume': '45', 'reserved_fee': '4131', 'remaining_fee': '4131', 'paid_fee': '0', 'locked': '1656532', 'executed_volume': '0', 'trades_count': 0}
[21:39:34.699][9][bit](BID) 주문상태:cancel, {'type': 'myOrder', 'code': 'KRW-BTG', 'uuid': 'C0111000000104714026', 'ask_bid': 'BID', 'order_type': 'limit', 'state': 'cancel', 'trade_uuid': None, 'price': 36720, 'volume': 45, 'remaining_volume': 45, 'executed_volume': 0, 'trades_count': 0, 'reserved_fee': 4131, 'remaining_fee': 4131, 'paid_fee': 0, 'executed_funds': 0, 'trade_timestamp': None, 'order_timestamp': 1731242361156, 'timestamp': 1731242374662, 'stream_type': 'REALTIME'}
[21:39:34.700][9]bit33333333333333333 매수취소(C0111000000104714026), {'type': 'myOrder', 'code': 'KRW-BTG', 'uuid': 'C0111000000104714026', 'ask_bid': 'BID', 'order_type': 'limit', 'state': 'cancel', 'trade_uuid': None, 'price': 36720, 'volume': 45, 'remaining_volume': 45, 'executed_volume': 0, 'trades_count': 0, 'reserved_fee': 4131, 'remaining_fee': 4131, 'paid_fee': 0, 'executed_funds': 0, 'trade_timestamp': None, 'order_timestamp': 1731242361156, 'timestamp': 1731242374662, 'stream_type': 'REALTIME'}
[21:39:34.700][9]bit 4444444444444 쓰레드 정리 isclear isClear(C0111000000104714026), 남은양:45.0, {'type': 'myOrder', 'code': 'KRW-BTG', 'uuid': 'C0111000000104714026', 'ask_bid': 'BID', 'order_type': 'limit', 'state': 'cancel', 'trade_uuid': None, 'price': 36720, 'volume': 45, 'remaining_volume': 45, 'executed_volume': 0, 'trades_count': 0, 'reserved_fee': 4131, 'remaining_fee': 4131, 'paid_fee': 0, 'executed_funds': 0, 'trade_timestamp': None, 'order_timestamp': 1731242361156, 'timestamp': 1731242374662, 'stream_type': 'REALTIME'}
[21:39:34.701][MyApi]stop_threads 시작 C0111000000104714026
[21:39:34.703]빗썸 [9][MyApi]쓰레드 종료
[21:39:34.704][9] 666666666666666 [MyApi]stop_threads 종료 C0111000000104714026
[21:39:35.619][11]빗썸1111111111111매수신청 완료(C0111000000104714063), mode:1, result:{'uuid': 'C0111000000104714063', 'side': 'bid', 'ord_type': 'limit', 'price': '36720', 'state': 'wait', 'market': 'KRW-BTG', 'created_at': '2024-11-10T21:39:35+09:00', 'volume': '7.39625', 'remaining_volume': '7.39625', 'reserved_fee': '678.97575', 'remaining_fee': '678.97575', 'paid_fee': '0', 'locked': '272270.27575', 'executed_volume': '0', 'trades_count': 0}
[21:39:35.623][11][bit](BID) 주문상태:wait, {'type': 'myOrder', 'code': 'KRW-BTG', 'uuid': 'C0111000000104714063', 'ask_bid': 'BID', 'order_type': 'limit', 'state': 'wait', 'trade_uuid': None, 'price': 36720, 'volume': 7.39625, 'remaining_volume': 7.39625, 'executed_volume': 0, 'trades_count': 0, 'reserved_fee': 678.97575, 'remaining_fee': 678.97575, 'paid_fee': 0, 'executed_funds': 0, 'trade_timestamp': None, 'order_timestamp': 1731242375526, 'timestamp': 1731242375602, 'stream_type': 'REALTIME'}
[21:39:35.624][11]bit22222222222222222 매수대기 (C0111000000104714063),{'type': 'myOrder', 'code': 'KRW-BTG', 'uuid': 'C0111000000104714063', 'ask_bid': 'BID', 'order_type': 'limit', 'state': 'wait', 'trade_uuid': None, 'price': 36720, 'volume': 7.39625, 'remaining_volume': 7.39625, 'executed_volume': 0, 'trades_count': 0, 'reserved_fee': 678.97575, 'remaining_fee': 678.97575, 'paid_fee': 0, 'executed_funds': 0, 'trade_timestamp': None, 'order_timestamp': 1731242375526, 'timestamp': 1731242375602, 'stream_type': 'REALTIME'}
[21:39:36.947][12]빗썸1111111111111매수신청 완료(C0111000000104714065), mode:1, result:{'uuid': 'C0111000000104714065', 'side': 'bid', 'ord_type': 'limit', 'price': '36720', 'state': 'wait', 'market': 'KRW-BTG', 'created_at': '2024-11-10T21:39:36+09:00', 'volume': '10.18575', 'remaining_volume': '10.18575', 'reserved_fee': '935.05185', 'remaining_fee': '935.05185', 'paid_fee': '0', 'locked': '374956.79185', 'executed_volume': '0', 'trades_count': 0}
[21:39:36.962][12][bit](BID) 주문상태:wait, {'type': 'myOrder', 'code': 'KRW-BTG', 'uuid': 'C0111000000104714065', 'ask_bid': 'BID', 'order_type': 'limit', 'state': 'wait', 'trade_uuid': None, 'price': 36720, 'volume': 10.18575, 'remaining_volume': 10.18575, 'executed_volume': 0, 'trades_count': 0, 'reserved_fee': 935.05185, 'remaining_fee': 935.05185, 'paid_fee': 0, 'executed_funds': 0, 'trade_timestamp': None, 'order_timestamp': 1731242376880, 'timestamp': 1731242376952, 'stream_type': 'REALTIME'}
[21:39:36.964][12]bit22222222222222222 매수대기 (C0111000000104714065),{'type': 'myOrder', 'code': 'KRW-BTG', 'uuid': 'C0111000000104714065', 'ask_bid': 'BID', 'order_type': 'limit', 'state': 'wait', 'trade_uuid': None, 'price': 36720, 'volume': 10.18575, 'remaining_volume': 10.18575, 'executed_volume': 0, 'trades_count': 0, 'reserved_fee': 935.05185, 'remaining_fee': 935.05185, 'paid_fee': 0, 'executed_funds': 0, 'trade_timestamp': None, 'order_timestamp': 1731242376880, 'timestamp': 1731242376952, 'stream_type': 'REALTIME'}
[21:39:46.201][12]빗썸탈출신청(C0111000000104714065) mode:1, 최종적으로 수량 부족으로 탈출. 업빗매수2차익:80.0, BitToUp:73.46, UpToBit:18.405, 남은매수/신청매수:10.18575/10.18575, buy_amount:6.6689858499999985, get_total_units:52.39625, up_buy1_amount:20.85045343, up_buy2_amount:38.21478242
[21:39:46.456][12][bit](BID) 주문상태:cancel, {'type': 'myOrder', 'code': 'KRW-BTG', 'uuid': 'C0111000000104714065', 'ask_bid': 'BID', 'order_type': 'limit', 'state': 'cancel', 'trade_uuid': None, 'price': 36720, 'volume': 10.18575, 'remaining_volume': 10.18575, 'executed_volume': 0, 'trades_count': 0, 'reserved_fee': 935.05185, 'remaining_fee': 935.05185, 'paid_fee': 0, 'executed_funds': 0, 'trade_timestamp': None, 'order_timestamp': 1731242376880, 'timestamp': 1731242386448, 'stream_type': 'REALTIME'}
[21:39:46.456][12]bit33333333333333333 매수취소(C0111000000104714065), {'type': 'myOrder', 'code': 'KRW-BTG', 'uuid': 'C0111000000104714065', 'ask_bid': 'BID', 'order_type': 'limit', 'state': 'cancel', 'trade_uuid': None, 'price': 36720, 'volume': 10.18575, 'remaining_volume': 10.18575, 'executed_volume': 0, 'trades_count': 0, 'reserved_fee': 935.05185, 'remaining_fee': 935.05185, 'paid_fee': 0, 'executed_funds': 0, 'trade_timestamp': None, 'order_timestamp': 1731242376880, 'timestamp': 1731242386448, 'stream_type': 'REALTIME'}
[21:39:46.456][12]bit 4444444444444 쓰레드 정리 isclear isClear(C0111000000104714065), 남은양:10.18575, {'type': 'myOrder', 'code': 'KRW-BTG', 'uuid': 'C0111000000104714065', 'ask_bid': 'BID', 'order_type': 'limit', 'state': 'cancel', 'trade_uuid': None, 'price': 36720, 'volume': 10.18575, 'remaining_volume': 10.18575, 'executed_volume': 0, 'trades_count': 0, 'reserved_fee': 935.05185, 'remaining_fee': 935.05185, 'paid_fee': 0, 'executed_funds': 0, 'trade_timestamp': None, 'order_timestamp': 1731242376880, 'timestamp': 1731242386448, 'stream_type': 'REALTIME'}
[21:39:46.457][MyApi]stop_threads 시작 C0111000000104714065
[21:39:46.465][12]빗썸탈출신청결과(C0111000000104714065) status_code:200 , {'uuid': 'C0111000000104714065', 'side': 'bid', 'ord_type': 'limit', 'price': '36720', 'state': 'wait', 'market': 'KRW-BTG', 'created_at': '2024-11-10T21:39:36+09:00', 'volume': '10.18575', 'remaining_volume': '10.18575', 'reserved_fee': '935.05185', 'remaining_fee': '935.05185', 'paid_fee': '0', 'locked': '374956.79185', 'executed_volume': '0', 'trades_count': 0}
[21:39:46.468]빗썸 [12][MyApi]쓰레드 종료
[21:39:46.468][12] 666666666666666 [MyApi]stop_threads 종료 C0111000000104714065
[21:39:48.208][13]빗썸탈출신청(C0111000000104714085) mode:1, 최종적으로 수량 부족으로 탈출. 업빗매수2차익:90.0, BitToUp:73.48, UpToBit:18.41, 남은매수/신청매수:35.8973/35.8973, buy_amount:32.897302530000005, get_total_units:52.39625, up_buy1_amount:24.8578467, up_buy2_amount:22.22092341
[21:39:48.209][13]빗썸1111111111111매수신청 완료(C0111000000104714085), mode:1, result:{'uuid': 'C0111000000104714085', 'side': 'bid', 'ord_type': 'limit', 'price': '36720', 'state': 'wait', 'market': 'KRW-BTG', 'created_at': '2024-11-10T21:39:48+09:00', 'volume': '35.8973', 'remaining_volume': '35.8973', 'reserved_fee': '3295.37214', 'remaining_fee': '3295.37214', 'paid_fee': '0', 'locked': '1321445.22814', 'executed_volume': '0', 'trades_count': 0}
[21:39:48.261][13][bit](BID) 주문상태:wait, {'type': 'myOrder', 'code': 'KRW-BTG', 'uuid': 'C0111000000104714085', 'ask_bid': 'BID', 'order_type': 'limit', 'state': 'wait', 'trade_uuid': None, 'price': 36720, 'volume': 35.8973, 'remaining_volume': 35.8973, 'executed_volume': 0, 'trades_count': 0, 'reserved_fee': 3295.37214, 'remaining_fee': 3295.37214, 'paid_fee': 0, 'executed_funds': 0, 'trade_timestamp': None, 'order_timestamp': 1731242388125, 'timestamp': 1731242388251, 'stream_type': 'REALTIME'}
[21:39:48.263][13]bit22222222222222222 매수대기 (C0111000000104714085),{'type': 'myOrder', 'code': 'KRW-BTG', 'uuid': 'C0111000000104714085', 'ask_bid': 'BID', 'order_type': 'limit', 'state': 'wait', 'trade_uuid': None, 'price': 36720, 'volume': 35.8973, 'remaining_volume': 35.8973, 'executed_volume': 0, 'trades_count': 0, 'reserved_fee': 3295.37214, 'remaining_fee': 3295.37214, 'paid_fee': 0, 'executed_funds': 0, 'trade_timestamp': None, 'order_timestamp': 1731242388125, 'timestamp': 1731242388251, 'stream_type': 'REALTIME'}
[21:39:48.472][13]빗썸탈출신청결과(C0111000000104714085) status_code:200 , {'uuid': 'C0111000000104714085', 'side': 'bid', 'ord_type': 'limit', 'price': '36720', 'state': 'wait', 'market': 'KRW-BTG', 'created_at': '2024-11-10T21:39:48+09:00', 'volume': '35.8973', 'remaining_volume': '35.8973', 'reserved_fee': '3295.37214', 'remaining_fee': '3295.37214', 'paid_fee': '0', 'locked': '1321445.22814', 'executed_volume': '0', 'trades_count': 0}
[21:39:48.508][13][bit](BID) 주문상태:cancel, {'type': 'myOrder', 'code': 'KRW-BTG', 'uuid': 'C0111000000104714085', 'ask_bid': 'BID', 'order_type': 'limit', 'state': 'cancel', 'trade_uuid': None, 'price': 36720, 'volume': 35.8973, 'remaining_volume': 35.8973, 'executed_volume': 0, 'trades_count': 0, 'reserved_fee': 3295.37214, 'remaining_fee': 3295.37214, 'paid_fee': 0, 'executed_funds': 0, 'trade_timestamp': None, 'order_timestamp': 1731242388125, 'timestamp': 1731242388499, 'stream_type': 'REALTIME'}
[21:39:48.508][13]bit33333333333333333 매수취소(C0111000000104714085), {'type': 'myOrder', 'code': 'KRW-BTG', 'uuid': 'C0111000000104714085', 'ask_bid': 'BID', 'order_type': 'limit', 'state': 'cancel', 'trade_uuid': None, 'price': 36720, 'volume': 35.8973, 'remaining_volume': 35.8973, 'executed_volume': 0, 'trades_count': 0, 'reserved_fee': 3295.37214, 'remaining_fee': 3295.37214, 'paid_fee': 0, 'executed_funds': 0, 'trade_timestamp': None, 'order_timestamp': 1731242388125, 'timestamp': 1731242388499, 'stream_type': 'REALTIME'}
[21:39:48.508][13]bit 4444444444444 쓰레드 정리 isclear isClear(C0111000000104714085), 남은양:35.8973, {'type': 'myOrder', 'code': 'KRW-BTG', 'uuid': 'C0111000000104714085', 'ask_bid': 'BID', 'order_type': 'limit', 'state': 'cancel', 'trade_uuid': None, 'price': 36720, 'volume': 35.8973, 'remaining_volume': 35.8973, 'executed_volume': 0, 'trades_count': 0, 'reserved_fee': 3295.37214, 'remaining_fee': 3295.37214, 'paid_fee': 0, 'executed_funds': 0, 'trade_timestamp': None, 'order_timestamp': 1731242388125, 'timestamp': 1731242388499, 'stream_type': 'REALTIME'}
[21:39:48.509][MyApi]stop_threads 시작 C0111000000104714085
[21:39:48.510]빗썸 [13][MyApi]쓰레드 종료
[21:39:48.511][13] 666666666666666 [MyApi]stop_threads 종료 C0111000000104714085
[21:40:07.842][11]빗썸탈출신청(C0111000000104714063) mode:1, 빗썸매수3까지 내려옴. 매수금액(36720.0), 매수2(36740.0)
[21:40:07.842][8]빗썸탈출신청(C0111000000104714024) mode:1, 빗썸매수3까지 내려옴. 매수금액(36720.0), 매수2(36740.0)
[21:40:08.210][8]빗썸탈출신청결과(C0111000000104714024) status_code:200 , {'uuid': 'C0111000000104714024', 'side': 'bid', 'ord_type': 'limit', 'price': '36720', 'state': 'wait', 'market': 'KRW-BTG', 'created_at': '2024-11-10T21:39:20+09:00', 'volume': '45', 'remaining_volume': '45', 'reserved_fee': '4131', 'remaining_fee': '4131', 'paid_fee': '0', 'locked': '1656532', 'executed_volume': '0', 'trades_count': 0}
[21:40:08.246][11]빗썸탈출신청결과(C0111000000104714063) status_code:200 , {'uuid': 'C0111000000104714063', 'side': 'bid', 'ord_type': 'limit', 'price': '36720', 'state': 'wait', 'market': 'KRW-BTG', 'created_at': '2024-11-10T21:39:35+09:00', 'volume': '7.39625', 'remaining_volume': '7.39625', 'reserved_fee': '678.97575', 'remaining_fee': '678.97575', 'paid_fee': '0', 'locked': '272270.27575', 'executed_volume': '0', 'trades_count': 0}
[21:40:08.249][8]빗썸탈출신청(C0111000000104714024) mode:1, 빗썸매수3까지 내려옴. 매수금액(36720.0), 매수2(36740.0)
[21:40:08.268][8][bit](BID) 주문상태:cancel, {'type': 'myOrder', 'code': 'KRW-BTG', 'uuid': 'C0111000000104714024', 'ask_bid': 'BID', 'order_type': 'limit', 'state': 'cancel', 'trade_uuid': None, 'price': 36720, 'volume': 45, 'remaining_volume': 45, 'executed_volume': 0, 'trades_count': 0, 'reserved_fee': 4131, 'remaining_fee': 4131, 'paid_fee': 0, 'executed_funds': 0, 'trade_timestamp': None, 'order_timestamp': 1731242360302, 'timestamp': 1731242408258, 'stream_type': 'REALTIME'}
[21:40:08.268][8]bit33333333333333333 매수취소(C0111000000104714024), {'type': 'myOrder', 'code': 'KRW-BTG', 'uuid': 'C0111000000104714024', 'ask_bid': 'BID', 'order_type': 'limit', 'state': 'cancel', 'trade_uuid': None, 'price': 36720, 'volume': 45, 'remaining_volume': 45, 'executed_volume': 0, 'trades_count': 0, 'reserved_fee': 4131, 'remaining_fee': 4131, 'paid_fee': 0, 'executed_funds': 0, 'trade_timestamp': None, 'order_timestamp': 1731242360302, 'timestamp': 1731242408258, 'stream_type': 'REALTIME'}
[21:40:08.268][8]bit 4444444444444 쓰레드 정리 isclear isClear(C0111000000104714024), 남은양:45.0, {'type': 'myOrder', 'code': 'KRW-BTG', 'uuid': 'C0111000000104714024', 'ask_bid': 'BID', 'order_type': 'limit', 'state': 'cancel', 'trade_uuid': None, 'price': 36720, 'volume': 45, 'remaining_volume': 45, 'executed_volume': 0, 'trades_count': 0, 'reserved_fee': 4131, 'remaining_fee': 4131, 'paid_fee': 0, 'executed_funds': 0, 'trade_timestamp': None, 'order_timestamp': 1731242360302, 'timestamp': 1731242408258, 'stream_type': 'REALTIME'}
[21:40:08.269][MyApi]stop_threads 시작 C0111000000104714024
[21:40:08.270][11]빗썸탈출신청(C0111000000104714063) mode:1, 빗썸매수3까지 내려옴. 매수금액(36720.0), 매수2(36740.0)
[21:40:08.271][11][bit](BID) 주문상태:cancel, {'type': 'myOrder', 'code': 'KRW-BTG', 'uuid': 'C0111000000104714063', 'ask_bid': 'BID', 'order_type': 'limit', 'state': 'cancel', 'trade_uuid': None, 'price': 36720, 'volume': 7.39625, 'remaining_volume': 7.39625, 'executed_volume': 0, 'trades_count': 0, 'reserved_fee': 678.97575, 'remaining_fee': 678.97575, 'paid_fee': 0, 'executed_funds': 0, 'trade_timestamp': None, 'order_timestamp': 1731242375526, 'timestamp': 1731242408258, 'stream_type': 'REALTIME'}
[21:40:08.271][11]bit33333333333333333 매수취소(C0111000000104714063), {'type': 'myOrder', 'code': 'KRW-BTG', 'uuid': 'C0111000000104714063', 'ask_bid': 'BID', 'order_type': 'limit', 'state': 'cancel', 'trade_uuid': None, 'price': 36720, 'volume': 7.39625, 'remaining_volume': 7.39625, 'executed_volume': 0, 'trades_count': 0, 'reserved_fee': 678.97575, 'remaining_fee': 678.97575, 'paid_fee': 0, 'executed_funds': 0, 'trade_timestamp': None, 'order_timestamp': 1731242375526, 'timestamp': 1731242408258, 'stream_type': 'REALTIME'}
[21:40:08.271][11]bit 4444444444444 쓰레드 정리 isclear isClear(C0111000000104714063), 남은양:7.39625, {'type': 'myOrder', 'code': 'KRW-BTG', 'uuid': 'C0111000000104714063', 'ask_bid': 'BID', 'order_type': 'limit', 'state': 'cancel', 'trade_uuid': None, 'price': 36720, 'volume': 7.39625, 'remaining_volume': 7.39625, 'executed_volume': 0, 'trades_count': 0, 'reserved_fee': 678.97575, 'remaining_fee': 678.97575, 'paid_fee': 0, 'executed_funds': 0, 'trade_timestamp': None, 'order_timestamp': 1731242375526, 'timestamp': 1731242408258, 'stream_type': 'REALTIME'}
[21:40:08.272][MyApi]stop_threads 시작 C0111000000104714063
[21:40:08.553][11]빗썸탈출신청결과(C0111000000104714063) status_code:404 , {'error': {'name': 'order_not_found', 'message': '주문을 찾지 못했습니다.'}}
[21:40:08.556]빗썸 [11][MyApi]쓰레드 종료
[21:40:08.557][11] 666666666666666 [MyApi]stop_threads 종료 C0111000000104714063
[21:40:08.567][8]빗썸탈출신청결과(C0111000000104714024) status_code:404 , {'error': {'name': 'order_not_found', 'message': '주문을 찾지 못했습니다.'}}
[21:40:08.571]빗썸 [8][MyApi]쓰레드 종료
[21:40:08.572][8] 666666666666666 [MyApi]stop_threads 종료 C0111000000104714024
[21:53:20.959][14]빗썸1111111111111매수신청 완료(C0111000000104715302), mode:1, result:{'uuid': 'C0111000000104715302', 'side': 'bid', 'ord_type': 'limit', 'price': '36900', 'state': 'wait', 'market': 'KRW-BTG', 'created_at': '2024-11-10T21:53:20+09:00', 'volume': '45', 'remaining_volume': '45', 'reserved_fee': '4151.25', 'remaining_fee': '4151.25', 'paid_fee': '0', 'locked': '1664652.25', 'executed_volume': '0', 'trades_count': 0}
[21:53:21.068][14][bit](BID) 주문상태:wait, {'type': 'myOrder', 'code': 'KRW-BTG', 'uuid': 'C0111000000104715302', 'ask_bid': 'BID', 'order_type': 'limit', 'state': 'wait', 'trade_uuid': None, 'price': 36900, 'volume': 45, 'remaining_volume': 45, 'executed_volume': 0, 'trades_count': 0, 'reserved_fee': 4151.25, 'remaining_fee': 4151.25, 'paid_fee': 0, 'executed_funds': 0, 'trade_timestamp': None, 'order_timestamp': 1731243200853, 'timestamp': 1731243201058, 'stream_type': 'REALTIME'}
[21:53:21.070][14]bit22222222222222222 매수대기 (C0111000000104715302),{'type': 'myOrder', 'code': 'KRW-BTG', 'uuid': 'C0111000000104715302', 'ask_bid': 'BID', 'order_type': 'limit', 'state': 'wait', 'trade_uuid': None, 'price': 36900, 'volume': 45, 'remaining_volume': 45, 'executed_volume': 0, 'trades_count': 0, 'reserved_fee': 4151.25, 'remaining_fee': 4151.25, 'paid_fee': 0, 'executed_funds': 0, 'trade_timestamp': None, 'order_timestamp': 1731243200853, 'timestamp': 1731243201058, 'stream_type': 'REALTIME'}
[21:53:25.860][14]빗썸탈출신청(C0111000000104715302) mode:1, 빗썸매수3까지 내려옴. 매수금액(36900.0), 매수2(36910.0)
[21:53:25.885][15]빗썸1111111111111매수신청 완료(C0111000000104715325), mode:1, result:{'uuid': 'C0111000000104715325', 'side': 'bid', 'ord_type': 'limit', 'price': '36910', 'state': 'wait', 'market': 'KRW-BTG', 'created_at': '2024-11-10T21:53:25+09:00', 'volume': '45', 'remaining_volume': '45', 'reserved_fee': '4152.375', 'remaining_fee': '4152.375', 'paid_fee': '0', 'locked': '1665103.375', 'executed_volume': '0', 'trades_count': 0}
[21:53:25.923][15][bit](BID) 주문상태:wait, {'type': 'myOrder', 'code': 'KRW-BTG', 'uuid': 'C0111000000104715325', 'ask_bid': 'BID', 'order_type': 'limit', 'state': 'wait', 'trade_uuid': None, 'price': 36910, 'volume': 45, 'remaining_volume': 45, 'executed_volume': 0, 'trades_count': 0, 'reserved_fee': 4152.375, 'remaining_fee': 4152.375, 'paid_fee': 0, 'executed_funds': 0, 'trade_timestamp': None, 'order_timestamp': 1731243205780, 'timestamp': 1731243205912, 'stream_type': 'REALTIME'}
[21:53:25.926][15]bit22222222222222222 매수대기 (C0111000000104715325),{'type': 'myOrder', 'code': 'KRW-BTG', 'uuid': 'C0111000000104715325', 'ask_bid': 'BID', 'order_type': 'limit', 'state': 'wait', 'trade_uuid': None, 'price': 36910, 'volume': 45, 'remaining_volume': 45, 'executed_volume': 0, 'trades_count': 0, 'reserved_fee': 4152.375, 'remaining_fee': 4152.375, 'paid_fee': 0, 'executed_funds': 0, 'trade_timestamp': None, 'order_timestamp': 1731243205780, 'timestamp': 1731243205912, 'stream_type': 'REALTIME'}
[21:53:26.212][14][bit](BID) 주문상태:cancel, {'type': 'myOrder', 'code': 'KRW-BTG', 'uuid': 'C0111000000104715302', 'ask_bid': 'BID', 'order_type': 'limit', 'state': 'cancel', 'trade_uuid': None, 'price': 36900, 'volume': 45, 'remaining_volume': 45, 'executed_volume': 0, 'trades_count': 0, 'reserved_fee': 4151.25, 'remaining_fee': 4151.25, 'paid_fee': 0, 'executed_funds': 0, 'trade_timestamp': None, 'order_timestamp': 1731243200853, 'timestamp': 1731243206202, 'stream_type': 'REALTIME'}
[21:53:26.212][14]bit33333333333333333 매수취소(C0111000000104715302), {'type': 'myOrder', 'code': 'KRW-BTG', 'uuid': 'C0111000000104715302', 'ask_bid': 'BID', 'order_type': 'limit', 'state': 'cancel', 'trade_uuid': None, 'price': 36900, 'volume': 45, 'remaining_volume': 45, 'executed_volume': 0, 'trades_count': 0, 'reserved_fee': 4151.25, 'remaining_fee': 4151.25, 'paid_fee': 0, 'executed_funds': 0, 'trade_timestamp': None, 'order_timestamp': 1731243200853, 'timestamp': 1731243206202, 'stream_type': 'REALTIME'}
[21:53:26.212][14]bit 4444444444444 쓰레드 정리 isclear isClear(C0111000000104715302), 남은양:45.0, {'type': 'myOrder', 'code': 'KRW-BTG', 'uuid': 'C0111000000104715302', 'ask_bid': 'BID', 'order_type': 'limit', 'state': 'cancel', 'trade_uuid': None, 'price': 36900, 'volume': 45, 'remaining_volume': 45, 'executed_volume': 0, 'trades_count': 0, 'reserved_fee': 4151.25, 'remaining_fee': 4151.25, 'paid_fee': 0, 'executed_funds': 0, 'trade_timestamp': None, 'order_timestamp': 1731243200853, 'timestamp': 1731243206202, 'stream_type': 'REALTIME'}
[21:53:26.214][MyApi]stop_threads 시작 C0111000000104715302
[21:53:26.256][14]빗썸탈출신청결과(C0111000000104715302) status_code:200 , {'uuid': 'C0111000000104715302', 'side': 'bid', 'ord_type': 'limit', 'price': '36900', 'state': 'wait', 'market': 'KRW-BTG', 'created_at': '2024-11-10T21:53:20+09:00', 'volume': '45', 'remaining_volume': '45', 'reserved_fee': '4151.25', 'remaining_fee': '4151.25', 'paid_fee': '0', 'locked': '1664652.25', 'executed_volume': '0', 'trades_count': 0}
[21:53:26.260]빗썸 [14][MyApi]쓰레드 종료
[21:53:26.261][14] 666666666666666 [MyApi]stop_threads 종료 C0111000000104715302
[21:53:26.637][15]빗썸탈출신청(C0111000000104715325) mode:1, 빗썸매수3까지 내려옴. 매수금액(36910.0), 매수2(36930.0)
[21:53:26.870][15]빗썸탈출신청결과(C0111000000104715325) status_code:200 , {'uuid': 'C0111000000104715325', 'side': 'bid', 'ord_type': 'limit', 'price': '36910', 'state': 'wait', 'market': 'KRW-BTG', 'created_at': '2024-11-10T21:53:25+09:00', 'volume': '45', 'remaining_volume': '45', 'reserved_fee': '4152.375', 'remaining_fee': '4152.375', 'paid_fee': '0', 'locked': '1665103.375', 'executed_volume': '0', 'trades_count': 0}
[21:53:26.902][15]빗썸탈출신청(C0111000000104715325) mode:1, 빗썸매수3까지 내려옴. 매수금액(36910.0), 매수2(36930.0)
[21:53:26.912][15][bit](BID) 주문상태:cancel, {'type': 'myOrder', 'code': 'KRW-BTG', 'uuid': 'C0111000000104715325', 'ask_bid': 'BID', 'order_type': 'limit', 'state': 'cancel', 'trade_uuid': None, 'price': 36910, 'volume': 45, 'remaining_volume': 45, 'executed_volume': 0, 'trades_count': 0, 'reserved_fee': 4152.375, 'remaining_fee': 4152.375, 'paid_fee': 0, 'executed_funds': 0, 'trade_timestamp': None, 'order_timestamp': 1731243205780, 'timestamp': 1731243206904, 'stream_type': 'REALTIME'}
[21:53:26.912][15]bit33333333333333333 매수취소(C0111000000104715325), {'type': 'myOrder', 'code': 'KRW-BTG', 'uuid': 'C0111000000104715325', 'ask_bid': 'BID', 'order_type': 'limit', 'state': 'cancel', 'trade_uuid': None, 'price': 36910, 'volume': 45, 'remaining_volume': 45, 'executed_volume': 0, 'trades_count': 0, 'reserved_fee': 4152.375, 'remaining_fee': 4152.375, 'paid_fee': 0, 'executed_funds': 0, 'trade_timestamp': None, 'order_timestamp': 1731243205780, 'timestamp': 1731243206904, 'stream_type': 'REALTIME'}
[21:53:26.912][15]bit 4444444444444 쓰레드 정리 isclear isClear(C0111000000104715325), 남은양:45.0, {'type': 'myOrder', 'code': 'KRW-BTG', 'uuid': 'C0111000000104715325', 'ask_bid': 'BID', 'order_type': 'limit', 'state': 'cancel', 'trade_uuid': None, 'price': 36910, 'volume': 45, 'remaining_volume': 45, 'executed_volume': 0, 'trades_count': 0, 'reserved_fee': 4152.375, 'remaining_fee': 4152.375, 'paid_fee': 0, 'executed_funds': 0, 'trade_timestamp': None, 'order_timestamp': 1731243205780, 'timestamp': 1731243206904, 'stream_type': 'REALTIME'}
[21:53:26.915][MyApi]stop_threads 시작 C0111000000104715325
[21:53:27.148][15]빗썸탈출신청결과(C0111000000104715325) status_code:404 , {'error': {'name': 'order_not_found', 'message': '주문을 찾지 못했습니다.'}}
[21:53:27.151]빗썸 [15][MyApi]쓰레드 종료
[21:53:27.152][15] 666666666666666 [MyApi]stop_threads 종료 C0111000000104715325
[21:53:31.231][16]빗썸1111111111111매수신청 완료(C0111000000104715346), mode:1, result:{'uuid': 'C0111000000104715346', 'side': 'bid', 'ord_type': 'limit', 'price': '36830', 'state': 'wait', 'market': 'KRW-BTG', 'created_at': '2024-11-10T21:53:31+09:00', 'volume': '45', 'remaining_volume': '45', 'reserved_fee': '4143.375', 'remaining_fee': '4143.375', 'paid_fee': '0', 'locked': '1661494.375', 'executed_volume': '0', 'trades_count': 0}
[21:53:31.275][16][bit](BID) 주문상태:wait, {'type': 'myOrder', 'code': 'KRW-BTG', 'uuid': 'C0111000000104715346', 'ask_bid': 'BID', 'order_type': 'limit', 'state': 'wait', 'trade_uuid': None, 'price': 36830, 'volume': 45, 'remaining_volume': 45, 'executed_volume': 0, 'trades_count': 0, 'reserved_fee': 4143.375, 'remaining_fee': 4143.375, 'paid_fee': 0, 'executed_funds': 0, 'trade_timestamp': None, 'order_timestamp': 1731243211163, 'timestamp': 1731243211258, 'stream_type': 'REALTIME'}
[21:53:31.276][16]bit22222222222222222 매수대기 (C0111000000104715346),{'type': 'myOrder', 'code': 'KRW-BTG', 'uuid': 'C0111000000104715346', 'ask_bid': 'BID', 'order_type': 'limit', 'state': 'wait', 'trade_uuid': None, 'price': 36830, 'volume': 45, 'remaining_volume': 45, 'executed_volume': 0, 'trades_count': 0, 'reserved_fee': 4143.375, 'remaining_fee': 4143.375, 'paid_fee': 0, 'executed_funds': 0, 'trade_timestamp': None, 'order_timestamp': 1731243211163, 'timestamp': 1731243211258, 'stream_type': 'REALTIME'}
[21:53:31.377][16]빗썸탈출신청(C0111000000104715346) mode:1, 빗썸매수3까지 내려옴. 매수금액(36830.0), 매수2(36940.0)
[21:53:31.616][16]빗썸탈출신청결과(C0111000000104715346) status_code:200 , {'uuid': 'C0111000000104715346', 'side': 'bid', 'ord_type': 'limit', 'price': '36830', 'state': 'wait', 'market': 'KRW-BTG', 'created_at': '2024-11-10T21:53:31+09:00', 'volume': '45', 'remaining_volume': '45', 'reserved_fee': '4143.375', 'remaining_fee': '4143.375', 'paid_fee': '0', 'locked': '1661494.375', 'executed_volume': '0', 'trades_count': 0}
[21:53:31.646][16]빗썸탈출신청(C0111000000104715346) mode:1, 빗썸매수3까지 내려옴. 매수금액(36830.0), 매수2(36940.0)
[21:53:31.662][16][bit](BID) 주문상태:cancel, {'type': 'myOrder', 'code': 'KRW-BTG', 'uuid': 'C0111000000104715346', 'ask_bid': 'BID', 'order_type': 'limit', 'state': 'cancel', 'trade_uuid': None, 'price': 36830, 'volume': 45, 'remaining_volume': 45, 'executed_volume': 0, 'trades_count': 0, 'reserved_fee': 4143.375, 'remaining_fee': 4143.375, 'paid_fee': 0, 'executed_funds': 0, 'trade_timestamp': None, 'order_timestamp': 1731243211163, 'timestamp': 1731243211654, 'stream_type': 'REALTIME'}
[21:53:31.663][16]bit33333333333333333 매수취소(C0111000000104715346), {'type': 'myOrder', 'code': 'KRW-BTG', 'uuid': 'C0111000000104715346', 'ask_bid': 'BID', 'order_type': 'limit', 'state': 'cancel', 'trade_uuid': None, 'price': 36830, 'volume': 45, 'remaining_volume': 45, 'executed_volume': 0, 'trades_count': 0, 'reserved_fee': 4143.375, 'remaining_fee': 4143.375, 'paid_fee': 0, 'executed_funds': 0, 'trade_timestamp': None, 'order_timestamp': 1731243211163, 'timestamp': 1731243211654, 'stream_type': 'REALTIME'}
[21:53:31.663][16]bit 4444444444444 쓰레드 정리 isclear isClear(C0111000000104715346), 남은양:45.0, {'type': 'myOrder', 'code': 'KRW-BTG', 'uuid': 'C0111000000104715346', 'ask_bid': 'BID', 'order_type': 'limit', 'state': 'cancel', 'trade_uuid': None, 'price': 36830, 'volume': 45, 'remaining_volume': 45, 'executed_volume': 0, 'trades_count': 0, 'reserved_fee': 4143.375, 'remaining_fee': 4143.375, 'paid_fee': 0, 'executed_funds': 0, 'trade_timestamp': None, 'order_timestamp': 1731243211163, 'timestamp': 1731243211654, 'stream_type': 'REALTIME'}
[21:53:31.664][MyApi]stop_threads 시작 C0111000000104715346
[21:53:31.899][16]빗썸탈출신청결과(C0111000000104715346) status_code:404 , {'error': {'name': 'order_not_found', 'message': '주문을 찾지 못했습니다.'}}
[21:53:31.905]빗썸 [16][MyApi]쓰레드 종료
[21:53:31.905][16] 666666666666666 [MyApi]stop_threads 종료 C0111000000104715346
[21:53:37.117][17]빗썸1111111111111매수신청 완료(C0111000000104715364), mode:1, result:{'uuid': 'C0111000000104715364', 'side': 'bid', 'ord_type': 'limit', 'price': '36900', 'state': 'wait', 'market': 'KRW-BTG', 'created_at': '2024-11-10T21:53:37+09:00', 'volume': '45', 'remaining_volume': '45', 'reserved_fee': '4151.25', 'remaining_fee': '4151.25', 'paid_fee': '0', 'locked': '1664652.25', 'executed_volume': '0', 'trades_count': 0}
[21:53:37.182][17][bit](BID) 주문상태:wait, {'type': 'myOrder', 'code': 'KRW-BTG', 'uuid': 'C0111000000104715364', 'ask_bid': 'BID', 'order_type': 'limit', 'state': 'wait', 'trade_uuid': None, 'price': 36900, 'volume': 45, 'remaining_volume': 45, 'executed_volume': 0, 'trades_count': 0, 'reserved_fee': 4151.25, 'remaining_fee': 4151.25, 'paid_fee': 0, 'executed_funds': 0, 'trade_timestamp': None, 'order_timestamp': 1731243217025, 'timestamp': 1731243217172, 'stream_type': 'REALTIME'}
[21:53:37.184][17]bit22222222222222222 매수대기 (C0111000000104715364),{'type': 'myOrder', 'code': 'KRW-BTG', 'uuid': 'C0111000000104715364', 'ask_bid': 'BID', 'order_type': 'limit', 'state': 'wait', 'trade_uuid': None, 'price': 36900, 'volume': 45, 'remaining_volume': 45, 'executed_volume': 0, 'trades_count': 0, 'reserved_fee': 4151.25, 'remaining_fee': 4151.25, 'paid_fee': 0, 'executed_funds': 0, 'trade_timestamp': None, 'order_timestamp': 1731243217025, 'timestamp': 1731243217172, 'stream_type': 'REALTIME'}
[21:53:38.090][18]빗썸1111111111111매수신청 완료(C0111000000104715366), mode:1, result:{'uuid': 'C0111000000104715366', 'side': 'bid', 'ord_type': 'limit', 'price': '36900', 'state': 'wait', 'market': 'KRW-BTG', 'created_at': '2024-11-10T21:53:38+09:00', 'volume': '45', 'remaining_volume': '45', 'reserved_fee': '4151.25', 'remaining_fee': '4151.25', 'paid_fee': '0', 'locked': '1664652.25', 'executed_volume': '0', 'trades_count': 0}
[21:53:38.160][18][bit](BID) 주문상태:wait, {'type': 'myOrder', 'code': 'KRW-BTG', 'uuid': 'C0111000000104715366', 'ask_bid': 'BID', 'order_type': 'limit', 'state': 'wait', 'trade_uuid': None, 'price': 36900, 'volume': 45, 'remaining_volume': 45, 'executed_volume': 0, 'trades_count': 0, 'reserved_fee': 4151.25, 'remaining_fee': 4151.25, 'paid_fee': 0, 'executed_funds': 0, 'trade_timestamp': None, 'order_timestamp': 1731243218006, 'timestamp': 1731243218151, 'stream_type': 'REALTIME'}
[21:53:38.162][18]bit22222222222222222 매수대기 (C0111000000104715366),{'type': 'myOrder', 'code': 'KRW-BTG', 'uuid': 'C0111000000104715366', 'ask_bid': 'BID', 'order_type': 'limit', 'state': 'wait', 'trade_uuid': None, 'price': 36900, 'volume': 45, 'remaining_volume': 45, 'executed_volume': 0, 'trades_count': 0, 'reserved_fee': 4151.25, 'remaining_fee': 4151.25, 'paid_fee': 0, 'executed_funds': 0, 'trade_timestamp': None, 'order_timestamp': 1731243218006, 'timestamp': 1731243218151, 'stream_type': 'REALTIME'}
[21:53:41.020][18]빗썸탈출신청(C0111000000104715366) mode:1, 빗썸매수3까지 내려옴. 매수금액(36900.0), 매수2(36910.0)
[21:53:41.021][17]빗썸탈출신청(C0111000000104715364) mode:1, 빗썸매수3까지 내려옴. 매수금액(36900.0), 매수2(36910.0)
[21:53:41.292][18]빗썸탈출신청결과(C0111000000104715366) status_code:200 , {'uuid': 'C0111000000104715366', 'side': 'bid', 'ord_type': 'limit', 'price': '36900', 'state': 'wait', 'market': 'KRW-BTG', 'created_at': '2024-11-10T21:53:38+09:00', 'volume': '45', 'remaining_volume': '45', 'reserved_fee': '4151.25', 'remaining_fee': '4151.25', 'paid_fee': '0', 'locked': '1664652.25', 'executed_volume': '0', 'trades_count': 0}
[21:53:41.317][18][bit](BID) 주문상태:cancel, {'type': 'myOrder', 'code': 'KRW-BTG', 'uuid': 'C0111000000104715366', 'ask_bid': 'BID', 'order_type': 'limit', 'state': 'cancel', 'trade_uuid': None, 'price': 36900, 'volume': 45, 'remaining_volume': 45, 'executed_volume': 0, 'trades_count': 0, 'reserved_fee': 4151.25, 'remaining_fee': 4151.25, 'paid_fee': 0, 'executed_funds': 0, 'trade_timestamp': None, 'order_timestamp': 1731243218006, 'timestamp': 1731243221309, 'stream_type': 'REALTIME'}
[21:53:41.317][18]bit33333333333333333 매수취소(C0111000000104715366), {'type': 'myOrder', 'code': 'KRW-BTG', 'uuid': 'C0111000000104715366', 'ask_bid': 'BID', 'order_type': 'limit', 'state': 'cancel', 'trade_uuid': None, 'price': 36900, 'volume': 45, 'remaining_volume': 45, 'executed_volume': 0, 'trades_count': 0, 'reserved_fee': 4151.25, 'remaining_fee': 4151.25, 'paid_fee': 0, 'executed_funds': 0, 'trade_timestamp': None, 'order_timestamp': 1731243218006, 'timestamp': 1731243221309, 'stream_type': 'REALTIME'}
[21:53:41.317][18]bit 4444444444444 쓰레드 정리 isclear isClear(C0111000000104715366), 남은양:45.0, {'type': 'myOrder', 'code': 'KRW-BTG', 'uuid': 'C0111000000104715366', 'ask_bid': 'BID', 'order_type': 'limit', 'state': 'cancel', 'trade_uuid': None, 'price': 36900, 'volume': 45, 'remaining_volume': 45, 'executed_volume': 0, 'trades_count': 0, 'reserved_fee': 4151.25, 'remaining_fee': 4151.25, 'paid_fee': 0, 'executed_funds': 0, 'trade_timestamp': None, 'order_timestamp': 1731243218006, 'timestamp': 1731243221309, 'stream_type': 'REALTIME'}
[21:53:41.319][MyApi]stop_threads 시작 C0111000000104715366
[21:53:41.321]빗썸 [18][MyApi]쓰레드 종료
[21:53:41.321][18] 666666666666666 [MyApi]stop_threads 종료 C0111000000104715366
[21:53:41.325][17]빗썸탈출신청결과(C0111000000104715364) status_code:200 , {'uuid': 'C0111000000104715364', 'side': 'bid', 'ord_type': 'limit', 'price': '36900', 'state': 'wait', 'market': 'KRW-BTG', 'created_at': '2024-11-10T21:53:37+09:00', 'volume': '45', 'remaining_volume': '45', 'reserved_fee': '4151.25', 'remaining_fee': '4151.25', 'paid_fee': '0', 'locked': '1664652.25', 'executed_volume': '0', 'trades_count': 0}
[21:53:41.363][17][bit](BID) 주문상태:cancel, {'type': 'myOrder', 'code': 'KRW-BTG', 'uuid': 'C0111000000104715364', 'ask_bid': 'BID', 'order_type': 'limit', 'state': 'cancel', 'trade_uuid': None, 'price': 36900, 'volume': 45, 'remaining_volume': 45, 'executed_volume': 0, 'trades_count': 0, 'reserved_fee': 4151.25, 'remaining_fee': 4151.25, 'paid_fee': 0, 'executed_funds': 0, 'trade_timestamp': None, 'order_timestamp': 1731243217025, 'timestamp': 1731243221354, 'stream_type': 'REALTIME'}
[21:53:41.363][17]bit33333333333333333 매수취소(C0111000000104715364), {'type': 'myOrder', 'code': 'KRW-BTG', 'uuid': 'C0111000000104715364', 'ask_bid': 'BID', 'order_type': 'limit', 'state': 'cancel', 'trade_uuid': None, 'price': 36900, 'volume': 45, 'remaining_volume': 45, 'executed_volume': 0, 'trades_count': 0, 'reserved_fee': 4151.25, 'remaining_fee': 4151.25, 'paid_fee': 0, 'executed_funds': 0, 'trade_timestamp': None, 'order_timestamp': 1731243217025, 'timestamp': 1731243221354, 'stream_type': 'REALTIME'}
[21:53:41.363][17]bit 4444444444444 쓰레드 정리 isclear isClear(C0111000000104715364), 남은양:45.0, {'type': 'myOrder', 'code': 'KRW-BTG', 'uuid': 'C0111000000104715364', 'ask_bid': 'BID', 'order_type': 'limit', 'state': 'cancel', 'trade_uuid': None, 'price': 36900, 'volume': 45, 'remaining_volume': 45, 'executed_volume': 0, 'trades_count': 0, 'reserved_fee': 4151.25, 'remaining_fee': 4151.25, 'paid_fee': 0, 'executed_funds': 0, 'trade_timestamp': None, 'order_timestamp': 1731243217025, 'timestamp': 1731243221354, 'stream_type': 'REALTIME'}
[21:53:41.365][MyApi]stop_threads 시작 C0111000000104715364
[21:53:41.366]빗썸 [17][MyApi]쓰레드 종료
[21:53:41.367][17] 666666666666666 [MyApi]stop_threads 종료 C0111000000104715364
[21:54:10.719][19]빗썸1111111111111매수신청 완료(C0111000000104715412), mode:1, result:{'uuid': 'C0111000000104715412', 'side': 'bid', 'ord_type': 'limit', 'price': '36920', 'state': 'wait', 'market': 'KRW-BTG', 'created_at': '2024-11-10T21:54:10+09:00', 'volume': '45', 'remaining_volume': '45', 'reserved_fee': '4153.5', 'remaining_fee': '4153.5', 'paid_fee': '0', 'locked': '1665554.5', 'executed_volume': '0', 'trades_count': 0}
[21:54:10.763][19][bit](BID) 주문상태:wait, {'type': 'myOrder', 'code': 'KRW-BTG', 'uuid': 'C0111000000104715412', 'ask_bid': 'BID', 'order_type': 'limit', 'state': 'wait', 'trade_uuid': None, 'price': 36920, 'volume': 45, 'remaining_volume': 45, 'executed_volume': 0, 'trades_count': 0, 'reserved_fee': 4153.5, 'remaining_fee': 4153.5, 'paid_fee': 0, 'executed_funds': 0, 'trade_timestamp': None, 'order_timestamp': 1731243250630, 'timestamp': 1731243250756, 'stream_type': 'REALTIME'}
[21:54:10.765][19]bit22222222222222222 매수대기 (C0111000000104715412),{'type': 'myOrder', 'code': 'KRW-BTG', 'uuid': 'C0111000000104715412', 'ask_bid': 'BID', 'order_type': 'limit', 'state': 'wait', 'trade_uuid': None, 'price': 36920, 'volume': 45, 'remaining_volume': 45, 'executed_volume': 0, 'trades_count': 0, 'reserved_fee': 4153.5, 'remaining_fee': 4153.5, 'paid_fee': 0, 'executed_funds': 0, 'trade_timestamp': None, 'order_timestamp': 1731243250630, 'timestamp': 1731243250756, 'stream_type': 'REALTIME'}
[21:54:22.322][20]빗썸1111111111111매수신청 완료(C0111000000104715428), mode:1, result:{'uuid': 'C0111000000104715428', 'side': 'bid', 'ord_type': 'limit', 'price': '36930', 'state': 'wait', 'market': 'KRW-BTG', 'created_at': '2024-11-10T21:54:22+09:00', 'volume': '1.33319', 'remaining_volume': '1.33319', 'reserved_fee': '123.08676675', 'remaining_fee': '123.08676675', 'paid_fee': '0', 'locked': '49358.79346675', 'executed_volume': '0', 'trades_count': 0}
[21:54:22.387][20][bit](BID) 주문상태:wait, {'type': 'myOrder', 'code': 'KRW-BTG', 'uuid': 'C0111000000104715428', 'ask_bid': 'BID', 'order_type': 'limit', 'state': 'wait', 'trade_uuid': None, 'price': 36930, 'volume': 1.33319, 'remaining_volume': 1.33319, 'executed_volume': 0, 'trades_count': 0, 'reserved_fee': 123.08676675, 'remaining_fee': 123.08676675, 'paid_fee': 0, 'executed_funds': 0, 'trade_timestamp': None, 'order_timestamp': 1731243262244, 'timestamp': 1731243262365, 'stream_type': 'REALTIME'}
[21:54:22.389][20]bit22222222222222222 매수대기 (C0111000000104715428),{'type': 'myOrder', 'code': 'KRW-BTG', 'uuid': 'C0111000000104715428', 'ask_bid': 'BID', 'order_type': 'limit', 'state': 'wait', 'trade_uuid': None, 'price': 36930, 'volume': 1.33319, 'remaining_volume': 1.33319, 'executed_volume': 0, 'trades_count': 0, 'reserved_fee': 123.08676675, 'remaining_fee': 123.08676675, 'paid_fee': 0, 'executed_funds': 0, 'trade_timestamp': None, 'order_timestamp': 1731243262244, 'timestamp': 1731243262365, 'stream_type': 'REALTIME'}
[21:54:25.859][21]빗썸1111111111111매수신청 완료(C0111000000104715430), mode:1, result:{'uuid': 'C0111000000104715430', 'side': 'bid', 'ord_type': 'limit', 'price': '36930', 'state': 'wait', 'market': 'KRW-BTG', 'created_at': '2024-11-10T21:54:25+09:00', 'volume': '45', 'remaining_volume': '45', 'reserved_fee': '4154.625', 'remaining_fee': '4154.625', 'paid_fee': '0', 'locked': '1666005.625', 'executed_volume': '0', 'trades_count': 0}
[21:54:25.914][21][bit](BID) 주문상태:wait, {'type': 'myOrder', 'code': 'KRW-BTG', 'uuid': 'C0111000000104715430', 'ask_bid': 'BID', 'order_type': 'limit', 'state': 'wait', 'trade_uuid': None, 'price': 36930, 'volume': 45, 'remaining_volume': 45, 'executed_volume': 0, 'trades_count': 0, 'reserved_fee': 4154.625, 'remaining_fee': 4154.625, 'paid_fee': 0, 'executed_funds': 0, 'trade_timestamp': None, 'order_timestamp': 1731243265769, 'timestamp': 1731243265902, 'stream_type': 'REALTIME'}
[21:54:25.916][21]bit22222222222222222 매수대기 (C0111000000104715430),{'type': 'myOrder', 'code': 'KRW-BTG', 'uuid': 'C0111000000104715430', 'ask_bid': 'BID', 'order_type': 'limit', 'state': 'wait', 'trade_uuid': None, 'price': 36930, 'volume': 45, 'remaining_volume': 45, 'executed_volume': 0, 'trades_count': 0, 'reserved_fee': 4154.625, 'remaining_fee': 4154.625, 'paid_fee': 0, 'executed_funds': 0, 'trade_timestamp': None, 'order_timestamp': 1731243265769, 'timestamp': 1731243265902, 'stream_type': 'REALTIME'}
[21:54:28.801][20]빗썸탈출신청(C0111000000104715428) mode:1, 최종적으로 수량 부족으로 탈출. 업빗매수2차익:90.0, BitToUp:73.86, UpToBit:18.52, 남은매수/신청매수:1.33319/1.33319, buy_amount:-3.922970179999993, get_total_units:45.0, up_buy1_amount:0.93075712, up_buy2_amount:1.75312127
[21:54:28.801][21]빗썸탈출신청(C0111000000104715430) mode:1, 최종적으로 수량 부족으로 탈출. 업빗매수2차익:90.0, BitToUp:73.86, UpToBit:18.52, 남은매수/신청매수:45.0/45.0, buy_amount:-5.256160179999995, get_total_units:46.33319, up_buy1_amount:0.93075712, up_buy2_amount:1.75312127
[21:54:29.108][21]빗썸탈출신청결과(C0111000000104715430) status_code:200 , {'uuid': 'C0111000000104715430', 'side': 'bid', 'ord_type': 'limit', 'price': '36930', 'state': 'wait', 'market': 'KRW-BTG', 'created_at': '2024-11-10T21:54:25+09:00', 'volume': '45', 'remaining_volume': '45', 'reserved_fee': '4154.625', 'remaining_fee': '4154.625', 'paid_fee': '0', 'locked': '1666005.625', 'executed_volume': '0', 'trades_count': 0}
[21:54:29.115][20]빗썸탈출신청결과(C0111000000104715428) status_code:200 , {'uuid': 'C0111000000104715428', 'side': 'bid', 'ord_type': 'limit', 'price': '36930', 'state': 'wait', 'market': 'KRW-BTG', 'created_at': '2024-11-10T21:54:22+09:00', 'volume': '1.33319', 'remaining_volume': '1.33319', 'reserved_fee': '123.08676675', 'remaining_fee': '123.08676675', 'paid_fee': '0', 'locked': '49358.79346675', 'executed_volume': '0', 'trades_count': 0}
[21:54:29.130][21][bit](BID) 주문상태:cancel, {'type': 'myOrder', 'code': 'KRW-BTG', 'uuid': 'C0111000000104715430', 'ask_bid': 'BID', 'order_type': 'limit', 'state': 'cancel', 'trade_uuid': None, 'price': 36930, 'volume': 45, 'remaining_volume': 45, 'executed_volume': 0, 'trades_count': 0, 'reserved_fee': 4154.625, 'remaining_fee': 4154.625, 'paid_fee': 0, 'executed_funds': 0, 'trade_timestamp': None, 'order_timestamp': 1731243265769, 'timestamp': 1731243269123, 'stream_type': 'REALTIME'}
[21:54:29.131][21]bit33333333333333333 매수취소(C0111000000104715430), {'type': 'myOrder', 'code': 'KRW-BTG', 'uuid': 'C0111000000104715430', 'ask_bid': 'BID', 'order_type': 'limit', 'state': 'cancel', 'trade_uuid': None, 'price': 36930, 'volume': 45, 'remaining_volume': 45, 'executed_volume': 0, 'trades_count': 0, 'reserved_fee': 4154.625, 'remaining_fee': 4154.625, 'paid_fee': 0, 'executed_funds': 0, 'trade_timestamp': None, 'order_timestamp': 1731243265769, 'timestamp': 1731243269123, 'stream_type': 'REALTIME'}
[21:54:29.131][21]bit 4444444444444 쓰레드 정리 isclear isClear(C0111000000104715430), 남은양:45.0, {'type': 'myOrder', 'code': 'KRW-BTG', 'uuid': 'C0111000000104715430', 'ask_bid': 'BID', 'order_type': 'limit', 'state': 'cancel', 'trade_uuid': None, 'price': 36930, 'volume': 45, 'remaining_volume': 45, 'executed_volume': 0, 'trades_count': 0, 'reserved_fee': 4154.625, 'remaining_fee': 4154.625, 'paid_fee': 0, 'executed_funds': 0, 'trade_timestamp': None, 'order_timestamp': 1731243265769, 'timestamp': 1731243269123, 'stream_type': 'REALTIME'}
[21:54:29.132][MyApi]stop_threads 시작 C0111000000104715430
[21:54:29.132][20]빗썸탈출신청(C0111000000104715428) mode:1, 최종적으로 수량 부족으로 탈출. 업빗매수2차익:80.0, BitToUp:73.86, UpToBit:18.52, 남은매수/신청매수:1.33319/1.33319, buy_amount:-5.676091449999994, get_total_units:45.0, up_buy1_amount:0.93075712, up_buy2_amount:38.39315143
[21:54:29.133]빗썸 [21][MyApi]쓰레드 종료
[21:54:29.133][21] 666666666666666 [MyApi]stop_threads 종료 C0111000000104715430
[21:54:29.177][20][bit](BID) 주문상태:cancel, {'type': 'myOrder', 'code': 'KRW-BTG', 'uuid': 'C0111000000104715428', 'ask_bid': 'BID', 'order_type': 'limit', 'state': 'cancel', 'trade_uuid': None, 'price': 36930, 'volume': 1.33319, 'remaining_volume': 1.33319, 'executed_volume': 0, 'trades_count': 0, 'reserved_fee': 123.08676675, 'remaining_fee': 123.08676675, 'paid_fee': 0, 'executed_funds': 0, 'trade_timestamp': None, 'order_timestamp': 1731243262244, 'timestamp': 1731243269164, 'stream_type': 'REALTIME'}
[21:54:29.177][20]bit33333333333333333 매수취소(C0111000000104715428), {'type': 'myOrder', 'code': 'KRW-BTG', 'uuid': 'C0111000000104715428', 'ask_bid': 'BID', 'order_type': 'limit', 'state': 'cancel', 'trade_uuid': None, 'price': 36930, 'volume': 1.33319, 'remaining_volume': 1.33319, 'executed_volume': 0, 'trades_count': 0, 'reserved_fee': 123.08676675, 'remaining_fee': 123.08676675, 'paid_fee': 0, 'executed_funds': 0, 'trade_timestamp': None, 'order_timestamp': 1731243262244, 'timestamp': 1731243269164, 'stream_type': 'REALTIME'}
[21:54:29.177][20]bit 4444444444444 쓰레드 정리 isclear isClear(C0111000000104715428), 남은양:1.33319, {'type': 'myOrder', 'code': 'KRW-BTG', 'uuid': 'C0111000000104715428', 'ask_bid': 'BID', 'order_type': 'limit', 'state': 'cancel', 'trade_uuid': None, 'price': 36930, 'volume': 1.33319, 'remaining_volume': 1.33319, 'executed_volume': 0, 'trades_count': 0, 'reserved_fee': 123.08676675, 'remaining_fee': 123.08676675, 'paid_fee': 0, 'executed_funds': 0, 'trade_timestamp': None, 'order_timestamp': 1731243262244, 'timestamp': 1731243269164, 'stream_type': 'REALTIME'}
[21:54:29.180][MyApi]stop_threads 시작 C0111000000104715428
[21:54:29.383][20]빗썸탈출신청결과(C0111000000104715428) status_code:404 , {'error': {'name': 'order_not_found', 'message': '주문을 찾지 못했습니다.'}}
[21:54:29.392]빗썸 [20][MyApi]쓰레드 종료
[21:54:29.395][20] 666666666666666 [MyApi]stop_threads 종료 C0111000000104715428
[21:54:31.936][22]빗썸1111111111111매수신청 완료(C0111000000104715440), mode:1, result:{'uuid': 'C0111000000104715440', 'side': 'bid', 'ord_type': 'limit', 'price': '36930', 'state': 'wait', 'market': 'KRW-BTG', 'created_at': '2024-11-10T21:54:31+09:00', 'volume': '43.27729', 'remaining_volume': '43.27729', 'reserved_fee': '3995.57579925', 'remaining_fee': '3995.57579925', 'paid_fee': '0', 'locked': '1602226.89549925', 'executed_volume': '0', 'trades_count': 0}
[21:54:32.031][22][bit](BID) 주문상태:wait, {'type': 'myOrder', 'code': 'KRW-BTG', 'uuid': 'C0111000000104715440', 'ask_bid': 'BID', 'order_type': 'limit', 'state': 'wait', 'trade_uuid': None, 'price': 36930, 'volume': 43.27729, 'remaining_volume': 43.27729, 'executed_volume': 0, 'trades_count': 0, 'reserved_fee': 3995.57579925, 'remaining_fee': 3995.57579925, 'paid_fee': 0, 'executed_funds': 0, 'trade_timestamp': None, 'order_timestamp': 1731243271864, 'timestamp': 1731243272013, 'stream_type': 'REALTIME'}
[21:54:32.032][22]bit22222222222222222 매수대기 (C0111000000104715440),{'type': 'myOrder', 'code': 'KRW-BTG', 'uuid': 'C0111000000104715440', 'ask_bid': 'BID', 'order_type': 'limit', 'state': 'wait', 'trade_uuid': None, 'price': 36930, 'volume': 43.27729, 'remaining_volume': 43.27729, 'executed_volume': 0, 'trades_count': 0, 'reserved_fee': 3995.57579925, 'remaining_fee': 3995.57579925, 'paid_fee': 0, 'executed_funds': 0, 'trade_timestamp': None, 'order_timestamp': 1731243271864, 'timestamp': 1731243272013, 'stream_type': 'REALTIME'}
[21:54:32.301][22]빗썸탈출신청(C0111000000104715440) mode:1, 최종적으로 수량 부족으로 탈출. 업빗매수2차익:80.0, BitToUp:73.86, UpToBit:18.52, 남은매수/신청매수:43.27729/43.27729, buy_amount:4.726093250000005, get_total_units:45.0, up_buy1_amount:11.33294182, up_buy2_amount:38.39315143
[21:54:32.600][22]빗썸탈출신청결과(C0111000000104715440) status_code:200 , {'uuid': 'C0111000000104715440', 'side': 'bid', 'ord_type': 'limit', 'price': '36930', 'state': 'wait', 'market': 'KRW-BTG', 'created_at': '2024-11-10T21:54:31+09:00', 'volume': '43.27729', 'remaining_volume': '43.27729', 'reserved_fee': '3995.57579925', 'remaining_fee': '3995.57579925', 'paid_fee': '0', 'locked': '1602226.89549925', 'executed_volume': '0', 'trades_count': 0}
[21:54:32.677][22][bit](BID) 주문상태:cancel, {'type': 'myOrder', 'code': 'KRW-BTG', 'uuid': 'C0111000000104715440', 'ask_bid': 'BID', 'order_type': 'limit', 'state': 'cancel', 'trade_uuid': None, 'price': 36930, 'volume': 43.27729, 'remaining_volume': 43.27729, 'executed_volume': 0, 'trades_count': 0, 'reserved_fee': 3995.57579925, 'remaining_fee': 3995.57579925, 'paid_fee': 0, 'executed_funds': 0, 'trade_timestamp': None, 'order_timestamp': 1731243271864, 'timestamp': 1731243272660, 'stream_type': 'REALTIME'}
[21:54:32.677][22]bit33333333333333333 매수취소(C0111000000104715440), {'type': 'myOrder', 'code': 'KRW-BTG', 'uuid': 'C0111000000104715440', 'ask_bid': 'BID', 'order_type': 'limit', 'state': 'cancel', 'trade_uuid': None, 'price': 36930, 'volume': 43.27729, 'remaining_volume': 43.27729, 'executed_volume': 0, 'trades_count': 0, 'reserved_fee': 3995.57579925, 'remaining_fee': 3995.57579925, 'paid_fee': 0, 'executed_funds': 0, 'trade_timestamp': None, 'order_timestamp': 1731243271864, 'timestamp': 1731243272660, 'stream_type': 'REALTIME'}
[21:54:32.677][22]bit 4444444444444 쓰레드 정리 isclear isClear(C0111000000104715440), 남은양:43.27729, {'type': 'myOrder', 'code': 'KRW-BTG', 'uuid': 'C0111000000104715440', 'ask_bid': 'BID', 'order_type': 'limit', 'state': 'cancel', 'trade_uuid': None, 'price': 36930, 'volume': 43.27729, 'remaining_volume': 43.27729, 'executed_volume': 0, 'trades_count': 0, 'reserved_fee': 3995.57579925, 'remaining_fee': 3995.57579925, 'paid_fee': 0, 'executed_funds': 0, 'trade_timestamp': None, 'order_timestamp': 1731243271864, 'timestamp': 1731243272660, 'stream_type': 'REALTIME'}
[21:54:32.678][MyApi]stop_threads 시작 C0111000000104715440
[21:54:32.680]빗썸 [22][MyApi]쓰레드 종료
[21:54:32.680][22] 666666666666666 [MyApi]stop_threads 종료 C0111000000104715440
[21:54:33.455][23]빗썸1111111111111매수신청 완료(C0111000000104715449), mode:1, result:{'uuid': 'C0111000000104715449', 'side': 'bid', 'ord_type': 'limit', 'price': '36930', 'state': 'wait', 'market': 'KRW-BTG', 'created_at': '2024-11-10T21:54:33+09:00', 'volume': '3.23394', 'remaining_volume': '3.23394', 'reserved_fee': '298.5735105', 'remaining_fee': '298.5735105', 'paid_fee': '0', 'locked': '119728.9777105', 'executed_volume': '0', 'trades_count': 0}
[21:54:33.583][23][bit](BID) 주문상태:wait, {'type': 'myOrder', 'code': 'KRW-BTG', 'uuid': 'C0111000000104715449', 'ask_bid': 'BID', 'order_type': 'limit', 'state': 'wait', 'trade_uuid': None, 'price': 36930, 'volume': 3.23394, 'remaining_volume': 3.23394, 'executed_volume': 0, 'trades_count': 0, 'reserved_fee': 298.5735105, 'remaining_fee': 298.5735105, 'paid_fee': 0, 'executed_funds': 0, 'trade_timestamp': None, 'order_timestamp': 1731243273383, 'timestamp': 1731243273507, 'stream_type': 'REALTIME'}
[21:54:33.584][23]bit22222222222222222 매수대기 (C0111000000104715449),{'type': 'myOrder', 'code': 'KRW-BTG', 'uuid': 'C0111000000104715449', 'ask_bid': 'BID', 'order_type': 'limit', 'state': 'wait', 'trade_uuid': None, 'price': 36930, 'volume': 3.23394, 'remaining_volume': 3.23394, 'executed_volume': 0, 'trades_count': 0, 'reserved_fee': 298.5735105, 'remaining_fee': 298.5735105, 'paid_fee': 0, 'executed_funds': 0, 'trade_timestamp': None, 'order_timestamp': 1731243273383, 'timestamp': 1731243273507, 'stream_type': 'REALTIME'}
[21:54:34.512][23]빗썸탈출신청(C0111000000104715449) mode:1, 최종적으로 수량 부족으로 탈출. 업빗매수2차익:70.0, BitToUp:73.86, UpToBit:18.52, 남은매수/신청매수:3.23394/3.23394, buy_amount:-35.15920667, get_total_units:45.0, up_buy1_amount:9.84079333, up_buy2_amount:85.47126473
[21:54:34.771][23]빗썸탈출신청결과(C0111000000104715449) status_code:200 , {'uuid': 'C0111000000104715449', 'side': 'bid', 'ord_type': 'limit', 'price': '36930', 'state': 'wait', 'market': 'KRW-BTG', 'created_at': '2024-11-10T21:54:33+09:00', 'volume': '3.23394', 'remaining_volume': '3.23394', 'reserved_fee': '298.5735105', 'remaining_fee': '298.5735105', 'paid_fee': '0', 'locked': '119728.9777105', 'executed_volume': '0', 'trades_count': 0}
[21:54:34.915][23][bit](BID) 주문상태:cancel, {'type': 'myOrder', 'code': 'KRW-BTG', 'uuid': 'C0111000000104715449', 'ask_bid': 'BID', 'order_type': 'limit', 'state': 'cancel', 'trade_uuid': None, 'price': 36930, 'volume': 3.23394, 'remaining_volume': 3.23394, 'executed_volume': 0, 'trades_count': 0, 'reserved_fee': 298.5735105, 'remaining_fee': 298.5735105, 'paid_fee': 0, 'executed_funds': 0, 'trade_timestamp': None, 'order_timestamp': 1731243273383, 'timestamp': 1731243274903, 'stream_type': 'REALTIME'}
[21:54:34.915][23]bit33333333333333333 매수취소(C0111000000104715449), {'type': 'myOrder', 'code': 'KRW-BTG', 'uuid': 'C0111000000104715449', 'ask_bid': 'BID', 'order_type': 'limit', 'state': 'cancel', 'trade_uuid': None, 'price': 36930, 'volume': 3.23394, 'remaining_volume': 3.23394, 'executed_volume': 0, 'trades_count': 0, 'reserved_fee': 298.5735105, 'remaining_fee': 298.5735105, 'paid_fee': 0, 'executed_funds': 0, 'trade_timestamp': None, 'order_timestamp': 1731243273383, 'timestamp': 1731243274903, 'stream_type': 'REALTIME'}
[21:54:34.915][23]bit 4444444444444 쓰레드 정리 isclear isClear(C0111000000104715449), 남은양:3.23394, {'type': 'myOrder', 'code': 'KRW-BTG', 'uuid': 'C0111000000104715449', 'ask_bid': 'BID', 'order_type': 'limit', 'state': 'cancel', 'trade_uuid': None, 'price': 36930, 'volume': 3.23394, 'remaining_volume': 3.23394, 'executed_volume': 0, 'trades_count': 0, 'reserved_fee': 298.5735105, 'remaining_fee': 298.5735105, 'paid_fee': 0, 'executed_funds': 0, 'trade_timestamp': None, 'order_timestamp': 1731243273383, 'timestamp': 1731243274903, 'stream_type': 'REALTIME'}
[21:54:34.916][MyApi]stop_threads 시작 C0111000000104715449
[21:54:34.918][19]빗썸탈출신청(C0111000000104715412) mode:1, 빗썸매수3까지 내려옴. 매수금액(36920.0), 매수2(36930.0)
[21:54:34.918]빗썸 [23][MyApi]쓰레드 종료
[21:54:34.918][23] 666666666666666 [MyApi]stop_threads 종료 C0111000000104715449
[21:54:35.245][19]빗썸탈출신청결과(C0111000000104715412) status_code:200 , {'uuid': 'C0111000000104715412', 'side': 'bid', 'ord_type': 'limit', 'price': '36920', 'state': 'wait', 'market': 'KRW-BTG', 'created_at': '2024-11-10T21:54:10+09:00', 'volume': '45', 'remaining_volume': '45', 'reserved_fee': '4153.5', 'remaining_fee': '4153.5', 'paid_fee': '0', 'locked': '1665554.5', 'executed_volume': '0', 'trades_count': 0}
[21:54:35.265][19][bit](BID) 주문상태:cancel, {'type': 'myOrder', 'code': 'KRW-BTG', 'uuid': 'C0111000000104715412', 'ask_bid': 'BID', 'order_type': 'limit', 'state': 'cancel', 'trade_uuid': None, 'price': 36920, 'volume': 45, 'remaining_volume': 45, 'executed_volume': 0, 'trades_count': 0, 'reserved_fee': 4153.5, 'remaining_fee': 4153.5, 'paid_fee': 0, 'executed_funds': 0, 'trade_timestamp': None, 'order_timestamp': 1731243250630, 'timestamp': 1731243275255, 'stream_type': 'REALTIME'}
[21:54:35.265][19]bit33333333333333333 매수취소(C0111000000104715412), {'type': 'myOrder', 'code': 'KRW-BTG', 'uuid': 'C0111000000104715412', 'ask_bid': 'BID', 'order_type': 'limit', 'state': 'cancel', 'trade_uuid': None, 'price': 36920, 'volume': 45, 'remaining_volume': 45, 'executed_volume': 0, 'trades_count': 0, 'reserved_fee': 4153.5, 'remaining_fee': 4153.5, 'paid_fee': 0, 'executed_funds': 0, 'trade_timestamp': None, 'order_timestamp': 1731243250630, 'timestamp': 1731243275255, 'stream_type': 'REALTIME'}
[21:54:35.265][19]bit 4444444444444 쓰레드 정리 isclear isClear(C0111000000104715412), 남은양:45.0, {'type': 'myOrder', 'code': 'KRW-BTG', 'uuid': 'C0111000000104715412', 'ask_bid': 'BID', 'order_type': 'limit', 'state': 'cancel', 'trade_uuid': None, 'price': 36920, 'volume': 45, 'remaining_volume': 45, 'executed_volume': 0, 'trades_count': 0, 'reserved_fee': 4153.5, 'remaining_fee': 4153.5, 'paid_fee': 0, 'executed_funds': 0, 'trade_timestamp': None, 'order_timestamp': 1731243250630, 'timestamp': 1731243275255, 'stream_type': 'REALTIME'}
[21:54:35.266][MyApi]stop_threads 시작 C0111000000104715412
[21:54:35.268]빗썸 [19][MyApi]쓰레드 종료
[21:54:35.268][19] 666666666666666 [MyApi]stop_threads 종료 C0111000000104715412
[21:54:47.334][24]빗썸1111111111111매수신청 완료(C0111000000104715484), mode:1, result:{'uuid': 'C0111000000104715484', 'side': 'bid', 'ord_type': 'limit', 'price': '36930', 'state': 'wait', 'market': 'KRW-BTG', 'created_at': '2024-11-10T21:54:47+09:00', 'volume': '2.42783', 'remaining_volume': '2.42783', 'reserved_fee': '224.14940475', 'remaining_fee': '224.14940475', 'paid_fee': '0', 'locked': '89884.91130475', 'executed_volume': '0', 'trades_count': 0}
[21:54:47.383][24][bit](BID) 주문상태:wait, {'type': 'myOrder', 'code': 'KRW-BTG', 'uuid': 'C0111000000104715484', 'ask_bid': 'BID', 'order_type': 'limit', 'state': 'wait', 'trade_uuid': None, 'price': 36930, 'volume': 2.42783, 'remaining_volume': 2.42783, 'executed_volume': 0, 'trades_count': 0, 'reserved_fee': 224.14940475, 'remaining_fee': 224.14940475, 'paid_fee': 0, 'executed_funds': 0, 'trade_timestamp': None, 'order_timestamp': 1731243287248, 'timestamp': 1731243287375, 'stream_type': 'REALTIME'}
[21:54:47.385][24]bit22222222222222222 매수대기 (C0111000000104715484),{'type': 'myOrder', 'code': 'KRW-BTG', 'uuid': 'C0111000000104715484', 'ask_bid': 'BID', 'order_type': 'limit', 'state': 'wait', 'trade_uuid': None, 'price': 36930, 'volume': 2.42783, 'remaining_volume': 2.42783, 'executed_volume': 0, 'trades_count': 0, 'reserved_fee': 224.14940475, 'remaining_fee': 224.14940475, 'paid_fee': 0, 'executed_funds': 0, 'trade_timestamp': None, 'order_timestamp': 1731243287248, 'timestamp': 1731243287375, 'stream_type': 'REALTIME'}
[21:54:48.722][25]빗썸1111111111111매수신청 완료(C0111000000104715490), mode:1, result:{'uuid': 'C0111000000104715490', 'side': 'bid', 'ord_type': 'limit', 'price': '36930', 'state': 'wait', 'market': 'KRW-BTG', 'created_at': '2024-11-10T21:54:48+09:00', 'volume': '45', 'remaining_volume': '45', 'reserved_fee': '4154.625', 'remaining_fee': '4154.625', 'paid_fee': '0', 'locked': '1666005.625', 'executed_volume': '0', 'trades_count': 0}
[21:54:48.779][25][bit](BID) 주문상태:wait, {'type': 'myOrder', 'code': 'KRW-BTG', 'uuid': 'C0111000000104715490', 'ask_bid': 'BID', 'order_type': 'limit', 'state': 'wait', 'trade_uuid': None, 'price': 36930, 'volume': 45, 'remaining_volume': 45, 'executed_volume': 0, 'trades_count': 0, 'reserved_fee': 4154.625, 'remaining_fee': 4154.625, 'paid_fee': 0, 'executed_funds': 0, 'trade_timestamp': None, 'order_timestamp': 1731243288615, 'timestamp': 1731243288766, 'stream_type': 'REALTIME'}
[21:54:48.782][25]bit22222222222222222 매수대기 (C0111000000104715490),{'type': 'myOrder', 'code': 'KRW-BTG', 'uuid': 'C0111000000104715490', 'ask_bid': 'BID', 'order_type': 'limit', 'state': 'wait', 'trade_uuid': None, 'price': 36930, 'volume': 45, 'remaining_volume': 45, 'executed_volume': 0, 'trades_count': 0, 'reserved_fee': 4154.625, 'remaining_fee': 4154.625, 'paid_fee': 0, 'executed_funds': 0, 'trade_timestamp': None, 'order_timestamp': 1731243288615, 'timestamp': 1731243288766, 'stream_type': 'REALTIME'}
[21:54:49.023][24]빗썸탈출신청(C0111000000104715484) mode:1, 빗썸매수3까지 내려옴. 매수금액(36930.0), 매수2(36950.0)
[21:54:49.024][25]빗썸탈출신청(C0111000000104715490) mode:1, 빗썸매수3까지 내려옴. 매수금액(36930.0), 매수2(36950.0)
[21:54:49.359][24]빗썸탈출신청결과(C0111000000104715484) status_code:200 , {'uuid': 'C0111000000104715484', 'side': 'bid', 'ord_type': 'limit', 'price': '36930', 'state': 'wait', 'market': 'KRW-BTG', 'created_at': '2024-11-10T21:54:47+09:00', 'volume': '2.42783', 'remaining_volume': '2.42783', 'reserved_fee': '224.14940475', 'remaining_fee': '224.14940475', 'paid_fee': '0', 'locked': '89884.91130475', 'executed_volume': '0', 'trades_count': 0}
[21:54:49.362][25]빗썸탈출신청결과(C0111000000104715490) status_code:200 , {'uuid': 'C0111000000104715490', 'side': 'bid', 'ord_type': 'limit', 'price': '36930', 'state': 'wait', 'market': 'KRW-BTG', 'created_at': '2024-11-10T21:54:48+09:00', 'volume': '45', 'remaining_volume': '45', 'reserved_fee': '4154.625', 'remaining_fee': '4154.625', 'paid_fee': '0', 'locked': '1666005.625', 'executed_volume': '0', 'trades_count': 0}
[21:54:49.367][24][bit](BID) 주문상태:cancel, {'type': 'myOrder', 'code': 'KRW-BTG', 'uuid': 'C0111000000104715484', 'ask_bid': 'BID', 'order_type': 'limit', 'state': 'cancel', 'trade_uuid': None, 'price': 36930, 'volume': 2.42783, 'remaining_volume': 2.42783, 'executed_volume': 0, 'trades_count': 0, 'reserved_fee': 224.14940475, 'remaining_fee': 224.14940475, 'paid_fee': 0, 'executed_funds': 0, 'trade_timestamp': None, 'order_timestamp': 1731243287248, 'timestamp': 1731243289356, 'stream_type': 'REALTIME'}
[21:54:49.367][24]bit33333333333333333 매수취소(C0111000000104715484), {'type': 'myOrder', 'code': 'KRW-BTG', 'uuid': 'C0111000000104715484', 'ask_bid': 'BID', 'order_type': 'limit', 'state': 'cancel', 'trade_uuid': None, 'price': 36930, 'volume': 2.42783, 'remaining_volume': 2.42783, 'executed_volume': 0, 'trades_count': 0, 'reserved_fee': 224.14940475, 'remaining_fee': 224.14940475, 'paid_fee': 0, 'executed_funds': 0, 'trade_timestamp': None, 'order_timestamp': 1731243287248, 'timestamp': 1731243289356, 'stream_type': 'REALTIME'}
[21:54:49.367][24]bit 4444444444444 쓰레드 정리 isclear isClear(C0111000000104715484), 남은양:2.42783, {'type': 'myOrder', 'code': 'KRW-BTG', 'uuid': 'C0111000000104715484', 'ask_bid': 'BID', 'order_type': 'limit', 'state': 'cancel', 'trade_uuid': None, 'price': 36930, 'volume': 2.42783, 'remaining_volume': 2.42783, 'executed_volume': 0, 'trades_count': 0, 'reserved_fee': 224.14940475, 'remaining_fee': 224.14940475, 'paid_fee': 0, 'executed_funds': 0, 'trade_timestamp': None, 'order_timestamp': 1731243287248, 'timestamp': 1731243289356, 'stream_type': 'REALTIME'}
[21:54:49.368][MyApi]stop_threads 시작 C0111000000104715484
[21:54:49.368][25]빗썸탈출신청(C0111000000104715490) mode:1, 빗썸매수3까지 내려옴. 매수금액(36930.0), 매수2(36950.0)
[21:54:49.369]빗썸 [24][MyApi]쓰레드 종료
[21:54:49.369][24] 666666666666666 [MyApi]stop_threads 종료 C0111000000104715484
[21:54:49.472][25][bit](BID) 주문상태:cancel, {'type': 'myOrder', 'code': 'KRW-BTG', 'uuid': 'C0111000000104715490', 'ask_bid': 'BID', 'order_type': 'limit', 'state': 'cancel', 'trade_uuid': None, 'price': 36930, 'volume': 45, 'remaining_volume': 45, 'executed_volume': 0, 'trades_count': 0, 'reserved_fee': 4154.625, 'remaining_fee': 4154.625, 'paid_fee': 0, 'executed_funds': 0, 'trade_timestamp': None, 'order_timestamp': 1731243288615, 'timestamp': 1731243289454, 'stream_type': 'REALTIME'}
[21:54:49.472][25]bit33333333333333333 매수취소(C0111000000104715490), {'type': 'myOrder', 'code': 'KRW-BTG', 'uuid': 'C0111000000104715490', 'ask_bid': 'BID', 'order_type': 'limit', 'state': 'cancel', 'trade_uuid': None, 'price': 36930, 'volume': 45, 'remaining_volume': 45, 'executed_volume': 0, 'trades_count': 0, 'reserved_fee': 4154.625, 'remaining_fee': 4154.625, 'paid_fee': 0, 'executed_funds': 0, 'trade_timestamp': None, 'order_timestamp': 1731243288615, 'timestamp': 1731243289454, 'stream_type': 'REALTIME'}
