SELECT * FROM public.member WHERE memid = 1
1
[2024-11-10 21:30:12.468]wsClass,init,EOS,bit
[2024-11-10 21:30:12.469]wsClass,init,EOS,up
[2024-11-10 21:30:12.496]wsClass,connected,EOS,up
[2024-11-10 21:30:12.510]wsPrivateClass,connected,EOS,up
[2024-11-10 21:30:12.535]wsPrivateClass,connected,EOS,bit
[2024-11-10 21:30:12.537]wsClass,connected,EOS,bit
[21:30:39.360][1]빗썸1111111111111매수신청 완료(C0112000000405550365), mode:1, result:{'uuid': 'C0112000000405550365', 'side': 'bid', 'ord_type': 'limit', 'price': '754', 'state': 'wait', 'market': 'KRW-EOS', 'created_at': '2024-11-10T21:30:39+09:00', 'volume': '2000', 'remaining_volume': '2000', 'reserved_fee': '3770', 'remaining_fee': '3770', 'paid_fee': '0', 'locked': '1511771', 'executed_volume': '0', 'trades_count': 0}
[21:30:39.412][1][bit](BID) 주문상태:wait, {'type': 'myOrder', 'code': 'KRW-EOS', 'uuid': 'C0112000000405550365', 'ask_bid': 'BID', 'order_type': 'limit', 'state': 'wait', 'trade_uuid': None, 'price': 754, 'volume': 2000, 'remaining_volume': 2000, 'executed_volume': 0, 'trades_count': 0, 'reserved_fee': 3770, 'remaining_fee': 3770, 'paid_fee': 0, 'executed_funds': 0, 'trade_timestamp': None, 'order_timestamp': 1731241839291, 'timestamp': 1731241839403, 'stream_type': 'REALTIME'}
[21:30:39.415][1]bit22222222222222222 매수대기 (C0112000000405550365),{'type': 'myOrder', 'code': 'KRW-EOS', 'uuid': 'C0112000000405550365', 'ask_bid': 'BID', 'order_type': 'limit', 'state': 'wait', 'trade_uuid': None, 'price': 754, 'volume': 2000, 'remaining_volume': 2000, 'executed_volume': 0, 'trades_count': 0, 'reserved_fee': 3770, 'remaining_fee': 3770, 'paid_fee': 0, 'executed_funds': 0, 'trade_timestamp': None, 'order_timestamp': 1731241839291, 'timestamp': 1731241839403, 'stream_type': 'REALTIME'}
[21:30:40.148][2]빗썸1111111111111매수신청 완료(C0112000000405550368), mode:1, result:{'uuid': 'C0112000000405550368', 'side': 'bid', 'ord_type': 'limit', 'price': '754', 'state': 'wait', 'market': 'KRW-EOS', 'created_at': '2024-11-10T21:30:40+09:00', 'volume': '2000', 'remaining_volume': '2000', 'reserved_fee': '3770', 'remaining_fee': '3770', 'paid_fee': '0', 'locked': '1511771', 'executed_volume': '0', 'trades_count': 0}
[21:30:40.211][2][bit](BID) 주문상태:wait, {'type': 'myOrder', 'code': 'KRW-EOS', 'uuid': 'C0112000000405550368', 'ask_bid': 'BID', 'order_type': 'limit', 'state': 'wait', 'trade_uuid': None, 'price': 754, 'volume': 2000, 'remaining_volume': 2000, 'executed_volume': 0, 'trades_count': 0, 'reserved_fee': 3770, 'remaining_fee': 3770, 'paid_fee': 0, 'executed_funds': 0, 'trade_timestamp': None, 'order_timestamp': 1731241840069, 'timestamp': 1731241840200, 'stream_type': 'REALTIME'}
[21:30:40.213][2]bit22222222222222222 매수대기 (C0112000000405550368),{'type': 'myOrder', 'code': 'KRW-EOS', 'uuid': 'C0112000000405550368', 'ask_bid': 'BID', 'order_type': 'limit', 'state': 'wait', 'trade_uuid': None, 'price': 754, 'volume': 2000, 'remaining_volume': 2000, 'executed_volume': 0, 'trades_count': 0, 'reserved_fee': 3770, 'remaining_fee': 3770, 'paid_fee': 0, 'executed_funds': 0, 'trade_timestamp': None, 'order_timestamp': 1731241840069, 'timestamp': 1731241840200, 'stream_type': 'REALTIME'}
[21:30:41.129][3]빗썸1111111111111매수신청 완료(C0112000000405550371), mode:1, result:{'uuid': 'C0112000000405550371', 'side': 'bid', 'ord_type': 'limit', 'price': '754', 'state': 'wait', 'market': 'KRW-EOS', 'created_at': '2024-11-10T21:30:41+09:00', 'volume': '811.01', 'remaining_volume': '811.01', 'reserved_fee': '1528.75385', 'remaining_fee': '1528.75385', 'paid_fee': '0', 'locked': '613031.29385', 'executed_volume': '0', 'trades_count': 0}
[21:30:41.186][3][bit](BID) 주문상태:wait, {'type': 'myOrder', 'code': 'KRW-EOS', 'uuid': 'C0112000000405550371', 'ask_bid': 'BID', 'order_type': 'limit', 'state': 'wait', 'trade_uuid': None, 'price': 754, 'volume': 811.01, 'remaining_volume': 811.01, 'executed_volume': 0, 'trades_count': 0, 'reserved_fee': 1528.75385, 'remaining_fee': 1528.75385, 'paid_fee': 0, 'executed_funds': 0, 'trade_timestamp': None, 'order_timestamp': 1731241841042, 'timestamp': 1731241841155, 'stream_type': 'REALTIME'}
[21:30:41.188][3]bit22222222222222222 매수대기 (C0112000000405550371),{'type': 'myOrder', 'code': 'KRW-EOS', 'uuid': 'C0112000000405550371', 'ask_bid': 'BID', 'order_type': 'limit', 'state': 'wait', 'trade_uuid': None, 'price': 754, 'volume': 811.01, 'remaining_volume': 811.01, 'executed_volume': 0, 'trades_count': 0, 'reserved_fee': 1528.75385, 'remaining_fee': 1528.75385, 'paid_fee': 0, 'executed_funds': 0, 'trade_timestamp': None, 'order_timestamp': 1731241841042, 'timestamp': 1731241841155, 'stream_type': 'REALTIME'}
[21:30:52.589][3]빗썸탈출신청(C0112000000405550371) mode:1, 최종적으로 수량 부족으로 탈출. 업빗매수2차익:0.0, BitToUp:0.453, UpToBit:0.377, 남은매수/신청매수:811.01/811.01, buy_amount:663.2461804599998, get_total_units:4000.0, up_buy1_amount:4663.24618046, up_buy2_amount:1813.08364406
[21:30:52.846][3]빗썸탈출신청결과(C0112000000405550371) status_code:200 , {'uuid': 'C0112000000405550371', 'side': 'bid', 'ord_type': 'limit', 'price': '754', 'state': 'wait', 'market': 'KRW-EOS', 'created_at': '2024-11-10T21:30:41+09:00', 'volume': '811.01', 'remaining_volume': '811.01', 'reserved_fee': '1528.75385', 'remaining_fee': '1528.75385', 'paid_fee': '0', 'locked': '613031.29385', 'executed_volume': '0', 'trades_count': 0}
[21:30:52.870][3][bit](BID) 주문상태:cancel, {'type': 'myOrder', 'code': 'KRW-EOS', 'uuid': 'C0112000000405550371', 'ask_bid': 'BID', 'order_type': 'limit', 'state': 'cancel', 'trade_uuid': None, 'price': 754, 'volume': 811.01, 'remaining_volume': 811.01, 'executed_volume': 0, 'trades_count': 0, 'reserved_fee': 1528.75385, 'remaining_fee': 1528.75385, 'paid_fee': 0, 'executed_funds': 0, 'trade_timestamp': None, 'order_timestamp': 1731241841042, 'timestamp': 1731241852861, 'stream_type': 'REALTIME'}
[21:30:52.870][3]bit33333333333333333 매수취소(C0112000000405550371), {'type': 'myOrder', 'code': 'KRW-EOS', 'uuid': 'C0112000000405550371', 'ask_bid': 'BID', 'order_type': 'limit', 'state': 'cancel', 'trade_uuid': None, 'price': 754, 'volume': 811.01, 'remaining_volume': 811.01, 'executed_volume': 0, 'trades_count': 0, 'reserved_fee': 1528.75385, 'remaining_fee': 1528.75385, 'paid_fee': 0, 'executed_funds': 0, 'trade_timestamp': None, 'order_timestamp': 1731241841042, 'timestamp': 1731241852861, 'stream_type': 'REALTIME'}
[21:30:52.870][3]bit 4444444444444 쓰레드 정리 isclear isClear(C0112000000405550371), 남은양:811.01, {'type': 'myOrder', 'code': 'KRW-EOS', 'uuid': 'C0112000000405550371', 'ask_bid': 'BID', 'order_type': 'limit', 'state': 'cancel', 'trade_uuid': None, 'price': 754, 'volume': 811.01, 'remaining_volume': 811.01, 'executed_volume': 0, 'trades_count': 0, 'reserved_fee': 1528.75385, 'remaining_fee': 1528.75385, 'paid_fee': 0, 'executed_funds': 0, 'trade_timestamp': None, 'order_timestamp': 1731241841042, 'timestamp': 1731241852861, 'stream_type': 'REALTIME'}
[21:30:52.871][MyApi]stop_threads 시작 C0112000000405550371
[21:30:52.872]빗썸 [3][MyApi]쓰레드 종료
[21:30:52.872][3] 666666666666666 [MyApi]stop_threads 종료 C0112000000405550371
[21:30:52.989][2]빗썸탈출신청(C0112000000405550368) mode:1, 최종적으로 수량 부족으로 탈출. 업빗매수2차익:0.0, BitToUp:0.453, UpToBit:0.377, 남은매수/신청매수:2000.0/2000.0, buy_amount:1722.40053692, get_total_units:2000.0, up_buy1_amount:3722.40053692, up_buy2_amount:1813.08364406
[21:30:53.189][1]빗썸탈출신청(C0112000000405550365) mode:1, 최종적으로 수량 부족으로 탈출. 업빗매수2차익:0.0, BitToUp:0.453, UpToBit:0.377, 남은매수/신청매수:2000.0/2000.0, buy_amount:1628.5018599, get_total_units:0, up_buy1_amount:1628.5018599, up_buy2_amount:1813.08364406
[21:30:53.280][2]빗썸탈출신청결과(C0112000000405550368) status_code:200 , {'uuid': 'C0112000000405550368', 'side': 'bid', 'ord_type': 'limit', 'price': '754', 'state': 'wait', 'market': 'KRW-EOS', 'created_at': '2024-11-10T21:30:40+09:00', 'volume': '2000', 'remaining_volume': '2000', 'reserved_fee': '3770', 'remaining_fee': '3770', 'paid_fee': '0', 'locked': '1511771', 'executed_volume': '0', 'trades_count': 0}
[21:30:53.380][2][bit](BID) 주문상태:cancel, {'type': 'myOrder', 'code': 'KRW-EOS', 'uuid': 'C0112000000405550368', 'ask_bid': 'BID', 'order_type': 'limit', 'state': 'cancel', 'trade_uuid': None, 'price': 754, 'volume': 2000, 'remaining_volume': 2000, 'executed_volume': 0, 'trades_count': 0, 'reserved_fee': 3770, 'remaining_fee': 3770, 'paid_fee': 0, 'executed_funds': 0, 'trade_timestamp': None, 'order_timestamp': 1731241840069, 'timestamp': 1731241853372, 'stream_type': 'REALTIME'}
[21:30:53.380][2]bit33333333333333333 매수취소(C0112000000405550368), {'type': 'myOrder', 'code': 'KRW-EOS', 'uuid': 'C0112000000405550368', 'ask_bid': 'BID', 'order_type': 'limit', 'state': 'cancel', 'trade_uuid': None, 'price': 754, 'volume': 2000, 'remaining_volume': 2000, 'executed_volume': 0, 'trades_count': 0, 'reserved_fee': 3770, 'remaining_fee': 3770, 'paid_fee': 0, 'executed_funds': 0, 'trade_timestamp': None, 'order_timestamp': 1731241840069, 'timestamp': 1731241853372, 'stream_type': 'REALTIME'}
[21:30:53.380][2]bit 4444444444444 쓰레드 정리 isclear isClear(C0112000000405550368), 남은양:2000.0, {'type': 'myOrder', 'code': 'KRW-EOS', 'uuid': 'C0112000000405550368', 'ask_bid': 'BID', 'order_type': 'limit', 'state': 'cancel', 'trade_uuid': None, 'price': 754, 'volume': 2000, 'remaining_volume': 2000, 'executed_volume': 0, 'trades_count': 0, 'reserved_fee': 3770, 'remaining_fee': 3770, 'paid_fee': 0, 'executed_funds': 0, 'trade_timestamp': None, 'order_timestamp': 1731241840069, 'timestamp': 1731241853372, 'stream_type': 'REALTIME'}
[21:30:53.382][MyApi]stop_threads 시작 C0112000000405550368
[21:30:53.384]빗썸 [2][MyApi]쓰레드 종료
[21:30:53.384][2] 666666666666666 [MyApi]stop_threads 종료 C0112000000405550368
[21:30:53.471][1]빗썸탈출신청결과(C0112000000405550365) status_code:200 , {'uuid': 'C0112000000405550365', 'side': 'bid', 'ord_type': 'limit', 'price': '754', 'state': 'wait', 'market': 'KRW-EOS', 'created_at': '2024-11-10T21:30:39+09:00', 'volume': '2000', 'remaining_volume': '2000', 'reserved_fee': '3770', 'remaining_fee': '3770', 'paid_fee': '0', 'locked': '1511771', 'executed_volume': '0', 'trades_count': 0}
[21:30:53.513][1][bit](BID) 주문상태:cancel, {'type': 'myOrder', 'code': 'KRW-EOS', 'uuid': 'C0112000000405550365', 'ask_bid': 'BID', 'order_type': 'limit', 'state': 'cancel', 'trade_uuid': None, 'price': 754, 'volume': 2000, 'remaining_volume': 2000, 'executed_volume': 0, 'trades_count': 0, 'reserved_fee': 3770, 'remaining_fee': 3770, 'paid_fee': 0, 'executed_funds': 0, 'trade_timestamp': None, 'order_timestamp': 1731241839291, 'timestamp': 1731241853504, 'stream_type': 'REALTIME'}
[21:30:53.513][1]bit33333333333333333 매수취소(C0112000000405550365), {'type': 'myOrder', 'code': 'KRW-EOS', 'uuid': 'C0112000000405550365', 'ask_bid': 'BID', 'order_type': 'limit', 'state': 'cancel', 'trade_uuid': None, 'price': 754, 'volume': 2000, 'remaining_volume': 2000, 'executed_volume': 0, 'trades_count': 0, 'reserved_fee': 3770, 'remaining_fee': 3770, 'paid_fee': 0, 'executed_funds': 0, 'trade_timestamp': None, 'order_timestamp': 1731241839291, 'timestamp': 1731241853504, 'stream_type': 'REALTIME'}
[21:30:53.513][1]bit 4444444444444 쓰레드 정리 isclear isClear(C0112000000405550365), 남은양:2000.0, {'type': 'myOrder', 'code': 'KRW-EOS', 'uuid': 'C0112000000405550365', 'ask_bid': 'BID', 'order_type': 'limit', 'state': 'cancel', 'trade_uuid': None, 'price': 754, 'volume': 2000, 'remaining_volume': 2000, 'executed_volume': 0, 'trades_count': 0, 'reserved_fee': 3770, 'remaining_fee': 3770, 'paid_fee': 0, 'executed_funds': 0, 'trade_timestamp': None, 'order_timestamp': 1731241839291, 'timestamp': 1731241853504, 'stream_type': 'REALTIME'}
[21:30:53.514][MyApi]stop_threads 시작 C0112000000405550365
[21:30:53.517]빗썸 [1][MyApi]쓰레드 종료
[21:30:53.517][1] 666666666666666 [MyApi]stop_threads 종료 C0112000000405550365
[21:31:27.769][4]빗썸탈출신청(C0112000000405550501) mode:1, 최종적으로 수량 부족으로 탈출. 업빗매수2차익:0.0, BitToUp:0.453, UpToBit:0.378, 남은매수/신청매수:1123.69912/1123.69912, buy_amount:909.51173716, get_total_units:0, up_buy1_amount:909.51173716, up_buy2_amount:50.0
[21:31:27.770][4]빗썸1111111111111매수신청 완료(C0112000000405550501), mode:1, result:{'uuid': 'C0112000000405550501', 'side': 'bid', 'ord_type': 'limit', 'price': '755', 'state': 'wait', 'market': 'KRW-EOS', 'created_at': '2024-11-10T21:31:27+09:00', 'volume': '1123.69912', 'remaining_volume': '1123.69912', 'reserved_fee': '2120.982089', 'remaining_fee': '2120.982089', 'paid_fee': '0', 'locked': '850514.817689', 'executed_volume': '0', 'trades_count': 0}
[21:31:27.813][4][bit](BID) 주문상태:wait, {'type': 'myOrder', 'code': 'KRW-EOS', 'uuid': 'C0112000000405550501', 'ask_bid': 'BID', 'order_type': 'limit', 'state': 'wait', 'trade_uuid': None, 'price': 755, 'volume': 1123.69912, 'remaining_volume': 1123.69912, 'executed_volume': 0, 'trades_count': 0, 'reserved_fee': 2120.982089, 'remaining_fee': 2120.982089, 'paid_fee': 0, 'executed_funds': 0, 'trade_timestamp': None, 'order_timestamp': 1731241887700, 'timestamp': 1731241887804, 'stream_type': 'REALTIME'}
[21:31:27.815][4]bit22222222222222222 매수대기 (C0112000000405550501),{'type': 'myOrder', 'code': 'KRW-EOS', 'uuid': 'C0112000000405550501', 'ask_bid': 'BID', 'order_type': 'limit', 'state': 'wait', 'trade_uuid': None, 'price': 755, 'volume': 1123.69912, 'remaining_volume': 1123.69912, 'executed_volume': 0, 'trades_count': 0, 'reserved_fee': 2120.982089, 'remaining_fee': 2120.982089, 'paid_fee': 0, 'executed_funds': 0, 'trade_timestamp': None, 'order_timestamp': 1731241887700, 'timestamp': 1731241887804, 'stream_type': 'REALTIME'}
[21:31:28.075][4][bit](BID) 주문상태:cancel, {'type': 'myOrder', 'code': 'KRW-EOS', 'uuid': 'C0112000000405550501', 'ask_bid': 'BID', 'order_type': 'limit', 'state': 'cancel', 'trade_uuid': None, 'price': 755, 'volume': 1123.69912, 'remaining_volume': 1123.69912, 'executed_volume': 0, 'trades_count': 0, 'reserved_fee': 2120.982089, 'remaining_fee': 2120.982089, 'paid_fee': 0, 'executed_funds': 0, 'trade_timestamp': None, 'order_timestamp': 1731241887700, 'timestamp': 1731241888062, 'stream_type': 'REALTIME'}
[21:31:28.075][4]bit33333333333333333 매수취소(C0112000000405550501), {'type': 'myOrder', 'code': 'KRW-EOS', 'uuid': 'C0112000000405550501', 'ask_bid': 'BID', 'order_type': 'limit', 'state': 'cancel', 'trade_uuid': None, 'price': 755, 'volume': 1123.69912, 'remaining_volume': 1123.69912, 'executed_volume': 0, 'trades_count': 0, 'reserved_fee': 2120.982089, 'remaining_fee': 2120.982089, 'paid_fee': 0, 'executed_funds': 0, 'trade_timestamp': None, 'order_timestamp': 1731241887700, 'timestamp': 1731241888062, 'stream_type': 'REALTIME'}
[21:31:28.075][4]bit 4444444444444 쓰레드 정리 isclear isClear(C0112000000405550501), 남은양:1123.69912, {'type': 'myOrder', 'code': 'KRW-EOS', 'uuid': 'C0112000000405550501', 'ask_bid': 'BID', 'order_type': 'limit', 'state': 'cancel', 'trade_uuid': None, 'price': 755, 'volume': 1123.69912, 'remaining_volume': 1123.69912, 'executed_volume': 0, 'trades_count': 0, 'reserved_fee': 2120.982089, 'remaining_fee': 2120.982089, 'paid_fee': 0, 'executed_funds': 0, 'trade_timestamp': None, 'order_timestamp': 1731241887700, 'timestamp': 1731241888062, 'stream_type': 'REALTIME'}
[21:31:28.076][MyApi]stop_threads 시작 C0112000000405550501
[21:31:28.106][4]빗썸탈출신청결과(C0112000000405550501) status_code:200 , {'uuid': 'C0112000000405550501', 'side': 'bid', 'ord_type': 'limit', 'price': '755', 'state': 'wait', 'market': 'KRW-EOS', 'created_at': '2024-11-10T21:31:27+09:00', 'volume': '1123.69912', 'remaining_volume': '1123.69912', 'reserved_fee': '2120.982089', 'remaining_fee': '2120.982089', 'paid_fee': '0', 'locked': '850514.817689', 'executed_volume': '0', 'trades_count': 0}
[21:31:28.111]빗썸 [4][MyApi]쓰레드 종료
[21:31:28.111][4] 666666666666666 [MyApi]stop_threads 종료 C0112000000405550501
[21:31:29.101][5]빗썸1111111111111매수신청 완료(C0112000000405550509), mode:1, result:{'uuid': 'C0112000000405550509', 'side': 'bid', 'ord_type': 'limit', 'price': '755', 'state': 'wait', 'market': 'KRW-EOS', 'created_at': '2024-11-10T21:31:28+09:00', 'volume': '164.9718', 'remaining_volume': '164.9718', 'reserved_fee': '311.3842725', 'remaining_fee': '311.3842725', 'paid_fee': '0', 'locked': '124866.0932725', 'executed_volume': '0', 'trades_count': 0}
[21:31:29.122][5][bit](BID) 주문상태:wait, {'type': 'myOrder', 'code': 'KRW-EOS', 'uuid': 'C0112000000405550509', 'ask_bid': 'BID', 'order_type': 'limit', 'state': 'wait', 'trade_uuid': None, 'price': 755, 'volume': 164.9718, 'remaining_volume': 164.9718, 'executed_volume': 0, 'trades_count': 0, 'reserved_fee': 311.3842725, 'remaining_fee': 311.3842725, 'paid_fee': 0, 'executed_funds': 0, 'trade_timestamp': None, 'order_timestamp': 1731241888985, 'timestamp': 1731241889108, 'stream_type': 'REALTIME'}
[21:31:29.123][5]bit22222222222222222 매수대기 (C0112000000405550509),{'type': 'myOrder', 'code': 'KRW-EOS', 'uuid': 'C0112000000405550509', 'ask_bid': 'BID', 'order_type': 'limit', 'state': 'wait', 'trade_uuid': None, 'price': 755, 'volume': 164.9718, 'remaining_volume': 164.9718, 'executed_volume': 0, 'trades_count': 0, 'reserved_fee': 311.3842725, 'remaining_fee': 311.3842725, 'paid_fee': 0, 'executed_funds': 0, 'trade_timestamp': None, 'order_timestamp': 1731241888985, 'timestamp': 1731241889108, 'stream_type': 'REALTIME'}
[21:31:31.688][5]빗썸탈출신청(C0112000000405550509) mode:1, 최종적으로 수량 부족으로 탈출. 업빗매수2차익:0.0, BitToUp:0.453, UpToBit:0.378, 남은매수/신청매수:164.9718/164.9718, buy_amount:2e-08, get_total_units:0, up_buy1_amount:2e-08, up_buy2_amount:619.70455169
[21:31:31.960][5]빗썸탈출신청결과(C0112000000405550509) status_code:200 , {'uuid': 'C0112000000405550509', 'side': 'bid', 'ord_type': 'limit', 'price': '755', 'state': 'wait', 'market': 'KRW-EOS', 'created_at': '2024-11-10T21:31:28+09:00', 'volume': '164.9718', 'remaining_volume': '164.9718', 'reserved_fee': '311.3842725', 'remaining_fee': '311.3842725', 'paid_fee': '0', 'locked': '124866.0932725', 'executed_volume': '0', 'trades_count': 0}
[21:31:32.041][5][bit](BID) 주문상태:cancel, {'type': 'myOrder', 'code': 'KRW-EOS', 'uuid': 'C0112000000405550509', 'ask_bid': 'BID', 'order_type': 'limit', 'state': 'cancel', 'trade_uuid': None, 'price': 755, 'volume': 164.9718, 'remaining_volume': 164.9718, 'executed_volume': 0, 'trades_count': 0, 'reserved_fee': 311.3842725, 'remaining_fee': 311.3842725, 'paid_fee': 0, 'executed_funds': 0, 'trade_timestamp': None, 'order_timestamp': 1731241888985, 'timestamp': 1731241892015, 'stream_type': 'REALTIME'}
[21:31:32.041][5]bit33333333333333333 매수취소(C0112000000405550509), {'type': 'myOrder', 'code': 'KRW-EOS', 'uuid': 'C0112000000405550509', 'ask_bid': 'BID', 'order_type': 'limit', 'state': 'cancel', 'trade_uuid': None, 'price': 755, 'volume': 164.9718, 'remaining_volume': 164.9718, 'executed_volume': 0, 'trades_count': 0, 'reserved_fee': 311.3842725, 'remaining_fee': 311.3842725, 'paid_fee': 0, 'executed_funds': 0, 'trade_timestamp': None, 'order_timestamp': 1731241888985, 'timestamp': 1731241892015, 'stream_type': 'REALTIME'}
[21:31:32.041][5]bit 4444444444444 쓰레드 정리 isclear isClear(C0112000000405550509), 남은양:164.9718, {'type': 'myOrder', 'code': 'KRW-EOS', 'uuid': 'C0112000000405550509', 'ask_bid': 'BID', 'order_type': 'limit', 'state': 'cancel', 'trade_uuid': None, 'price': 755, 'volume': 164.9718, 'remaining_volume': 164.9718, 'executed_volume': 0, 'trades_count': 0, 'reserved_fee': 311.3842725, 'remaining_fee': 311.3842725, 'paid_fee': 0, 'executed_funds': 0, 'trade_timestamp': None, 'order_timestamp': 1731241888985, 'timestamp': 1731241892015, 'stream_type': 'REALTIME'}
[21:31:32.043][MyApi]stop_threads 시작 C0112000000405550509
[21:31:32.045]빗썸 [5][MyApi]쓰레드 종료
[21:31:32.045][5] 666666666666666 [MyApi]stop_threads 종료 C0112000000405550509
[21:31:40.807][6]빗썸1111111111111매수신청 완료(C0112000000405550543), mode:1, result:{'uuid': 'C0112000000405550543', 'side': 'bid', 'ord_type': 'limit', 'price': '755', 'state': 'wait', 'market': 'KRW-EOS', 'created_at': '2024-11-10T21:31:40+09:00', 'volume': '2000', 'remaining_volume': '2000', 'reserved_fee': '3775', 'remaining_fee': '3775', 'paid_fee': '0', 'locked': '1513776', 'executed_volume': '0', 'trades_count': 0}
[21:31:40.818][6][bit](BID) 주문상태:wait, {'type': 'myOrder', 'code': 'KRW-EOS', 'uuid': 'C0112000000405550543', 'ask_bid': 'BID', 'order_type': 'limit', 'state': 'wait', 'trade_uuid': None, 'price': 755, 'volume': 2000, 'remaining_volume': 2000, 'executed_volume': 0, 'trades_count': 0, 'reserved_fee': 3775, 'remaining_fee': 3775, 'paid_fee': 0, 'executed_funds': 0, 'trade_timestamp': None, 'order_timestamp': 1731241900722, 'timestamp': 1731241900810, 'stream_type': 'REALTIME'}
[21:31:40.819][6]bit22222222222222222 매수대기 (C0112000000405550543),{'type': 'myOrder', 'code': 'KRW-EOS', 'uuid': 'C0112000000405550543', 'ask_bid': 'BID', 'order_type': 'limit', 'state': 'wait', 'trade_uuid': None, 'price': 755, 'volume': 2000, 'remaining_volume': 2000, 'executed_volume': 0, 'trades_count': 0, 'reserved_fee': 3775, 'remaining_fee': 3775, 'paid_fee': 0, 'executed_funds': 0, 'trade_timestamp': None, 'order_timestamp': 1731241900722, 'timestamp': 1731241900810, 'stream_type': 'REALTIME'}
[21:31:41.638][7]빗썸1111111111111매수신청 완료(C0112000000405550547), mode:1, result:{'uuid': 'C0112000000405550547', 'side': 'bid', 'ord_type': 'limit', 'price': '755', 'state': 'wait', 'market': 'KRW-EOS', 'created_at': '2024-11-10T21:31:41+09:00', 'volume': '2000', 'remaining_volume': '2000', 'reserved_fee': '3775', 'remaining_fee': '3775', 'paid_fee': '0', 'locked': '1513776', 'executed_volume': '0', 'trades_count': 0}
[21:31:41.667][7][bit](BID) 주문상태:wait, {'type': 'myOrder', 'code': 'KRW-EOS', 'uuid': 'C0112000000405550547', 'ask_bid': 'BID', 'order_type': 'limit', 'state': 'wait', 'trade_uuid': None, 'price': 755, 'volume': 2000, 'remaining_volume': 2000, 'executed_volume': 0, 'trades_count': 0, 'reserved_fee': 3775, 'remaining_fee': 3775, 'paid_fee': 0, 'executed_funds': 0, 'trade_timestamp': None, 'order_timestamp': 1731241901551, 'timestamp': 1731241901659, 'stream_type': 'REALTIME'}
[21:31:41.668][7]bit22222222222222222 매수대기 (C0112000000405550547),{'type': 'myOrder', 'code': 'KRW-EOS', 'uuid': 'C0112000000405550547', 'ask_bid': 'BID', 'order_type': 'limit', 'state': 'wait', 'trade_uuid': None, 'price': 755, 'volume': 2000, 'remaining_volume': 2000, 'executed_volume': 0, 'trades_count': 0, 'reserved_fee': 3775, 'remaining_fee': 3775, 'paid_fee': 0, 'executed_funds': 0, 'trade_timestamp': None, 'order_timestamp': 1731241901551, 'timestamp': 1731241901659, 'stream_type': 'REALTIME'}
[21:31:42.620][8]빗썸1111111111111매수신청 완료(C0112000000405550554), mode:1, result:{'uuid': 'C0112000000405550554', 'side': 'bid', 'ord_type': 'limit', 'price': '755', 'state': 'wait', 'market': 'KRW-EOS', 'created_at': '2024-11-10T21:31:42+09:00', 'volume': '811.01', 'remaining_volume': '811.01', 'reserved_fee': '1530.781375', 'remaining_fee': '1530.781375', 'paid_fee': '0', 'locked': '613844.331375', 'executed_volume': '0', 'trades_count': 0}
[21:31:42.720][8][bit](BID) 주문상태:wait, {'type': 'myOrder', 'code': 'KRW-EOS', 'uuid': 'C0112000000405550554', 'ask_bid': 'BID', 'order_type': 'limit', 'state': 'wait', 'trade_uuid': None, 'price': 755, 'volume': 811.01, 'remaining_volume': 811.01, 'executed_volume': 0, 'trades_count': 0, 'reserved_fee': 1530.781375, 'remaining_fee': 1530.781375, 'paid_fee': 0, 'executed_funds': 0, 'trade_timestamp': None, 'order_timestamp': 1731241902548, 'timestamp': 1731241902709, 'stream_type': 'REALTIME'}
[21:31:42.721][8]bit22222222222222222 매수대기 (C0112000000405550554),{'type': 'myOrder', 'code': 'KRW-EOS', 'uuid': 'C0112000000405550554', 'ask_bid': 'BID', 'order_type': 'limit', 'state': 'wait', 'trade_uuid': None, 'price': 755, 'volume': 811.01, 'remaining_volume': 811.01, 'executed_volume': 0, 'trades_count': 0, 'reserved_fee': 1530.781375, 'remaining_fee': 1530.781375, 'paid_fee': 0, 'executed_funds': 0, 'trade_timestamp': None, 'order_timestamp': 1731241902548, 'timestamp': 1731241902709, 'stream_type': 'REALTIME'}
[21:31:46.489][7]빗썸탈출신청(C0112000000405550547) mode:1, 최종적으로 수량 부족으로 탈출. 업빗매수2차익:0.0, BitToUp:0.453, UpToBit:0.378, 남은매수/신청매수:2000.0/2000.0, buy_amount:1601.81220102, get_total_units:2000.0, up_buy1_amount:3601.81220102, up_buy2_amount:36978.89322564
[21:31:46.489][8]빗썸탈출신청(C0112000000405550554) mode:1, 최종적으로 수량 부족으로 탈출. 업빗매수2차익:0.0, BitToUp:0.453, UpToBit:0.378, 남은매수/신청매수:811.01/811.01, buy_amount:-398.18779898, get_total_units:4000.0, up_buy1_amount:3601.81220102, up_buy2_amount:36978.89322564
[21:31:46.763][7]빗썸탈출신청결과(C0112000000405550547) status_code:200 , {'uuid': 'C0112000000405550547', 'side': 'bid', 'ord_type': 'limit', 'price': '755', 'state': 'wait', 'market': 'KRW-EOS', 'created_at': '2024-11-10T21:31:41+09:00', 'volume': '2000', 'remaining_volume': '2000', 'reserved_fee': '3775', 'remaining_fee': '3775', 'paid_fee': '0', 'locked': '1513776', 'executed_volume': '0', 'trades_count': 0}
[21:31:46.792][8]빗썸탈출신청결과(C0112000000405550554) status_code:200 , {'uuid': 'C0112000000405550554', 'side': 'bid', 'ord_type': 'limit', 'price': '755', 'state': 'wait', 'market': 'KRW-EOS', 'created_at': '2024-11-10T21:31:42+09:00', 'volume': '811.01', 'remaining_volume': '811.01', 'reserved_fee': '1530.781375', 'remaining_fee': '1530.781375', 'paid_fee': '0', 'locked': '613844.331375', 'executed_volume': '0', 'trades_count': 0}
[21:31:46.814][7][bit](BID) 주문상태:cancel, {'type': 'myOrder', 'code': 'KRW-EOS', 'uuid': 'C0112000000405550547', 'ask_bid': 'BID', 'order_type': 'limit', 'state': 'cancel', 'trade_uuid': None, 'price': 755, 'volume': 2000, 'remaining_volume': 2000, 'executed_volume': 0, 'trades_count': 0, 'reserved_fee': 3775, 'remaining_fee': 3775, 'paid_fee': 0, 'executed_funds': 0, 'trade_timestamp': None, 'order_timestamp': 1731241901551, 'timestamp': 1731241906804, 'stream_type': 'REALTIME'}
[21:31:46.814][7]bit33333333333333333 매수취소(C0112000000405550547), {'type': 'myOrder', 'code': 'KRW-EOS', 'uuid': 'C0112000000405550547', 'ask_bid': 'BID', 'order_type': 'limit', 'state': 'cancel', 'trade_uuid': None, 'price': 755, 'volume': 2000, 'remaining_volume': 2000, 'executed_volume': 0, 'trades_count': 0, 'reserved_fee': 3775, 'remaining_fee': 3775, 'paid_fee': 0, 'executed_funds': 0, 'trade_timestamp': None, 'order_timestamp': 1731241901551, 'timestamp': 1731241906804, 'stream_type': 'REALTIME'}
[21:31:46.814][7]bit 4444444444444 쓰레드 정리 isclear isClear(C0112000000405550547), 남은양:2000.0, {'type': 'myOrder', 'code': 'KRW-EOS', 'uuid': 'C0112000000405550547', 'ask_bid': 'BID', 'order_type': 'limit', 'state': 'cancel', 'trade_uuid': None, 'price': 755, 'volume': 2000, 'remaining_volume': 2000, 'executed_volume': 0, 'trades_count': 0, 'reserved_fee': 3775, 'remaining_fee': 3775, 'paid_fee': 0, 'executed_funds': 0, 'trade_timestamp': None, 'order_timestamp': 1731241901551, 'timestamp': 1731241906804, 'stream_type': 'REALTIME'}
[21:31:46.816][MyApi]stop_threads 시작 C0112000000405550547
[21:31:46.816][8]빗썸탈출신청(C0112000000405550554) mode:1, 최종적으로 수량 부족으로 탈출. 업빗매수2차익:0.0, BitToUp:0.453, UpToBit:0.378, 남은매수/신청매수:811.01/811.01, buy_amount:-1124.73780828, get_total_units:4000.0, up_buy1_amount:2875.26219172, up_buy2_amount:36978.89322564
[21:31:46.817]빗썸 [7][MyApi]쓰레드 종료
[21:31:46.817][7] 666666666666666 [MyApi]stop_threads 종료 C0112000000405550547
[21:31:46.867][8][bit](BID) 주문상태:cancel, {'type': 'myOrder', 'code': 'KRW-EOS', 'uuid': 'C0112000000405550554', 'ask_bid': 'BID', 'order_type': 'limit', 'state': 'cancel', 'trade_uuid': None, 'price': 755, 'volume': 811.01, 'remaining_volume': 811.01, 'executed_volume': 0, 'trades_count': 0, 'reserved_fee': 1530.781375, 'remaining_fee': 1530.781375, 'paid_fee': 0, 'executed_funds': 0, 'trade_timestamp': None, 'order_timestamp': 1731241902548, 'timestamp': 1731241906859, 'stream_type': 'REALTIME'}
[21:31:46.867][8]bit33333333333333333 매수취소(C0112000000405550554), {'type': 'myOrder', 'code': 'KRW-EOS', 'uuid': 'C0112000000405550554', 'ask_bid': 'BID', 'order_type': 'limit', 'state': 'cancel', 'trade_uuid': None, 'price': 755, 'volume': 811.01, 'remaining_volume': 811.01, 'executed_volume': 0, 'trades_count': 0, 'reserved_fee': 1530.781375, 'remaining_fee': 1530.781375, 'paid_fee': 0, 'executed_funds': 0, 'trade_timestamp': None, 'order_timestamp': 1731241902548, 'timestamp': 1731241906859, 'stream_type': 'REALTIME'}
[21:31:46.867][8]bit 4444444444444 쓰레드 정리 isclear isClear(C0112000000405550554), 남은양:811.01, {'type': 'myOrder', 'code': 'KRW-EOS', 'uuid': 'C0112000000405550554', 'ask_bid': 'BID', 'order_type': 'limit', 'state': 'cancel', 'trade_uuid': None, 'price': 755, 'volume': 811.01, 'remaining_volume': 811.01, 'executed_volume': 0, 'trades_count': 0, 'reserved_fee': 1530.781375, 'remaining_fee': 1530.781375, 'paid_fee': 0, 'executed_funds': 0, 'trade_timestamp': None, 'order_timestamp': 1731241902548, 'timestamp': 1731241906859, 'stream_type': 'REALTIME'}
[21:31:46.869][MyApi]stop_threads 시작 C0112000000405550554
[21:31:47.005][8]빗썸탈출신청결과(C0112000000405550554) status_code:404 , {'error': {'name': 'order_not_found', 'message': '주문을 찾지 못했습니다.'}}
[21:31:47.010]빗썸 [8][MyApi]쓰레드 종료
[21:31:47.010][8] 666666666666666 [MyApi]stop_threads 종료 C0112000000405550554
[21:31:47.289][6]빗썸탈출신청(C0112000000405550543) mode:1, 최종적으로 수량 부족으로 탈출. 업빗매수2차익:0.0, BitToUp:0.453, UpToBit:0.378, 남은매수/신청매수:2000.0/2000.0, buy_amount:1816.67008935, get_total_units:0, up_buy1_amount:1816.67008935, up_buy2_amount:36978.89322564
[21:31:47.499][6]빗썸탈출신청결과(C0112000000405550543) status_code:200 , {'uuid': 'C0112000000405550543', 'side': 'bid', 'ord_type': 'limit', 'price': '755', 'state': 'wait', 'market': 'KRW-EOS', 'created_at': '2024-11-10T21:31:40+09:00', 'volume': '2000', 'remaining_volume': '2000', 'reserved_fee': '3775', 'remaining_fee': '3775', 'paid_fee': '0', 'locked': '1513776', 'executed_volume': '0', 'trades_count': 0}
[21:31:47.560][6][bit](BID) 주문상태:cancel, {'type': 'myOrder', 'code': 'KRW-EOS', 'uuid': 'C0112000000405550543', 'ask_bid': 'BID', 'order_type': 'limit', 'state': 'cancel', 'trade_uuid': None, 'price': 755, 'volume': 2000, 'remaining_volume': 2000, 'executed_volume': 0, 'trades_count': 0, 'reserved_fee': 3775, 'remaining_fee': 3775, 'paid_fee': 0, 'executed_funds': 0, 'trade_timestamp': None, 'order_timestamp': 1731241900722, 'timestamp': 1731241907551, 'stream_type': 'REALTIME'}
[21:31:47.560][6]bit33333333333333333 매수취소(C0112000000405550543), {'type': 'myOrder', 'code': 'KRW-EOS', 'uuid': 'C0112000000405550543', 'ask_bid': 'BID', 'order_type': 'limit', 'state': 'cancel', 'trade_uuid': None, 'price': 755, 'volume': 2000, 'remaining_volume': 2000, 'executed_volume': 0, 'trades_count': 0, 'reserved_fee': 3775, 'remaining_fee': 3775, 'paid_fee': 0, 'executed_funds': 0, 'trade_timestamp': None, 'order_timestamp': 1731241900722, 'timestamp': 1731241907551, 'stream_type': 'REALTIME'}
[21:31:47.560][6]bit 4444444444444 쓰레드 정리 isclear isClear(C0112000000405550543), 남은양:2000.0, {'type': 'myOrder', 'code': 'KRW-EOS', 'uuid': 'C0112000000405550543', 'ask_bid': 'BID', 'order_type': 'limit', 'state': 'cancel', 'trade_uuid': None, 'price': 755, 'volume': 2000, 'remaining_volume': 2000, 'executed_volume': 0, 'trades_count': 0, 'reserved_fee': 3775, 'remaining_fee': 3775, 'paid_fee': 0, 'executed_funds': 0, 'trade_timestamp': None, 'order_timestamp': 1731241900722, 'timestamp': 1731241907551, 'stream_type': 'REALTIME'}
[21:31:47.561][MyApi]stop_threads 시작 C0112000000405550543
[21:31:47.563]빗썸 [6][MyApi]쓰레드 종료
[21:31:47.563][6] 666666666666666 [MyApi]stop_threads 종료 C0112000000405550543
[21:31:48.412][9]빗썸1111111111111매수신청 완료(C0112000000405550580), mode:1, result:{'uuid': 'C0112000000405550580', 'side': 'bid', 'ord_type': 'limit', 'price': '755', 'state': 'wait', 'market': 'KRW-EOS', 'created_at': '2024-11-10T21:31:48+09:00', 'volume': '166.16281', 'remaining_volume': '166.16281', 'reserved_fee': '313.632303875', 'remaining_fee': '313.632303875', 'paid_fee': '0', 'locked': '125767.553853875', 'executed_volume': '0', 'trades_count': 0}
[21:31:48.419][9][bit](BID) 주문상태:wait, {'type': 'myOrder', 'code': 'KRW-EOS', 'uuid': 'C0112000000405550580', 'ask_bid': 'BID', 'order_type': 'limit', 'state': 'wait', 'trade_uuid': None, 'price': 755, 'volume': 166.16281, 'remaining_volume': 166.16281, 'executed_volume': 0, 'trades_count': 0, 'reserved_fee': 313.632303875, 'remaining_fee': 313.632303875, 'paid_fee': 0, 'executed_funds': 0, 'trade_timestamp': None, 'order_timestamp': 1731241908316, 'timestamp': 1731241908409, 'stream_type': 'REALTIME'}
[21:31:48.421][9]bit22222222222222222 매수대기 (C0112000000405550580),{'type': 'myOrder', 'code': 'KRW-EOS', 'uuid': 'C0112000000405550580', 'ask_bid': 'BID', 'order_type': 'limit', 'state': 'wait', 'trade_uuid': None, 'price': 755, 'volume': 166.16281, 'remaining_volume': 166.16281, 'executed_volume': 0, 'trades_count': 0, 'reserved_fee': 313.632303875, 'remaining_fee': 313.632303875, 'paid_fee': 0, 'executed_funds': 0, 'trade_timestamp': None, 'order_timestamp': 1731241908316, 'timestamp': 1731241908409, 'stream_type': 'REALTIME'}
[21:31:49.289][9]빗썸탈출신청(C0112000000405550580) mode:1, 차익 부족0.0(0.453)
[21:31:49.593][9]빗썸탈출신청결과(C0112000000405550580) status_code:200 , {'uuid': 'C0112000000405550580', 'side': 'bid', 'ord_type': 'limit', 'price': '755', 'state': 'wait', 'market': 'KRW-EOS', 'created_at': '2024-11-10T21:31:48+09:00', 'volume': '166.16281', 'remaining_volume': '166.16281', 'reserved_fee': '313.632303875', 'remaining_fee': '313.632303875', 'paid_fee': '0', 'locked': '125767.553853875', 'executed_volume': '0', 'trades_count': 0}
[21:31:49.664][9][bit](BID) 주문상태:cancel, {'type': 'myOrder', 'code': 'KRW-EOS', 'uuid': 'C0112000000405550580', 'ask_bid': 'BID', 'order_type': 'limit', 'state': 'cancel', 'trade_uuid': None, 'price': 755, 'volume': 166.16281, 'remaining_volume': 166.16281, 'executed_volume': 0, 'trades_count': 0, 'reserved_fee': 313.632303875, 'remaining_fee': 313.632303875, 'paid_fee': 0, 'executed_funds': 0, 'trade_timestamp': None, 'order_timestamp': 1731241908316, 'timestamp': 1731241909656, 'stream_type': 'REALTIME'}
[21:31:49.664][9]bit33333333333333333 매수취소(C0112000000405550580), {'type': 'myOrder', 'code': 'KRW-EOS', 'uuid': 'C0112000000405550580', 'ask_bid': 'BID', 'order_type': 'limit', 'state': 'cancel', 'trade_uuid': None, 'price': 755, 'volume': 166.16281, 'remaining_volume': 166.16281, 'executed_volume': 0, 'trades_count': 0, 'reserved_fee': 313.632303875, 'remaining_fee': 313.632303875, 'paid_fee': 0, 'executed_funds': 0, 'trade_timestamp': None, 'order_timestamp': 1731241908316, 'timestamp': 1731241909656, 'stream_type': 'REALTIME'}
[21:31:49.664][9]bit 4444444444444 쓰레드 정리 isclear isClear(C0112000000405550580), 남은양:166.16281, {'type': 'myOrder', 'code': 'KRW-EOS', 'uuid': 'C0112000000405550580', 'ask_bid': 'BID', 'order_type': 'limit', 'state': 'cancel', 'trade_uuid': None, 'price': 755, 'volume': 166.16281, 'remaining_volume': 166.16281, 'executed_volume': 0, 'trades_count': 0, 'reserved_fee': 313.632303875, 'remaining_fee': 313.632303875, 'paid_fee': 0, 'executed_funds': 0, 'trade_timestamp': None, 'order_timestamp': 1731241908316, 'timestamp': 1731241909656, 'stream_type': 'REALTIME'}
[21:31:49.665][MyApi]stop_threads 시작 C0112000000405550580
[21:31:49.668]빗썸 [9][MyApi]쓰레드 종료
[21:31:49.668][9] 666666666666666 [MyApi]stop_threads 종료 C0112000000405550580
[21:31:55.969][10]빗썸1111111111111매수신청 완료(C0112000000405550591), mode:1, result:{'uuid': 'C0112000000405550591', 'side': 'bid', 'ord_type': 'limit', 'price': '755', 'state': 'wait', 'market': 'KRW-EOS', 'created_at': '2024-11-10T21:31:55+09:00', 'volume': '2000', 'remaining_volume': '2000', 'reserved_fee': '3775', 'remaining_fee': '3775', 'paid_fee': '0', 'locked': '1513776', 'executed_volume': '0', 'trades_count': 0}
[21:31:55.973][10][bit](BID) 주문상태:wait, {'type': 'myOrder', 'code': 'KRW-EOS', 'uuid': 'C0112000000405550591', 'ask_bid': 'BID', 'order_type': 'limit', 'state': 'wait', 'trade_uuid': None, 'price': 755, 'volume': 2000, 'remaining_volume': 2000, 'executed_volume': 0, 'trades_count': 0, 'reserved_fee': 3775, 'remaining_fee': 3775, 'paid_fee': 0, 'executed_funds': 0, 'trade_timestamp': None, 'order_timestamp': 1731241915883, 'timestamp': 1731241915957, 'stream_type': 'REALTIME'}
[21:31:55.974][10]bit22222222222222222 매수대기 (C0112000000405550591),{'type': 'myOrder', 'code': 'KRW-EOS', 'uuid': 'C0112000000405550591', 'ask_bid': 'BID', 'order_type': 'limit', 'state': 'wait', 'trade_uuid': None, 'price': 755, 'volume': 2000, 'remaining_volume': 2000, 'executed_volume': 0, 'trades_count': 0, 'reserved_fee': 3775, 'remaining_fee': 3775, 'paid_fee': 0, 'executed_funds': 0, 'trade_timestamp': None, 'order_timestamp': 1731241915883, 'timestamp': 1731241915957, 'stream_type': 'REALTIME'}
[21:31:56.924][11]빗썸1111111111111매수신청 완료(C0112000000405550596), mode:1, result:{'uuid': 'C0112000000405550596', 'side': 'bid', 'ord_type': 'limit', 'price': '755', 'state': 'wait', 'market': 'KRW-EOS', 'created_at': '2024-11-10T21:31:56+09:00', 'volume': '1501.13979', 'remaining_volume': '1501.13979', 'reserved_fee': '2833.401353625', 'remaining_fee': '2833.401353625', 'paid_fee': '0', 'locked': '1136194.942803625', 'executed_volume': '0', 'trades_count': 0}
[21:31:56.977][11][bit](BID) 주문상태:wait, {'type': 'myOrder', 'code': 'KRW-EOS', 'uuid': 'C0112000000405550596', 'ask_bid': 'BID', 'order_type': 'limit', 'state': 'wait', 'trade_uuid': None, 'price': 755, 'volume': 1501.13979, 'remaining_volume': 1501.13979, 'executed_volume': 0, 'trades_count': 0, 'reserved_fee': 2833.401353625, 'remaining_fee': 2833.401353625, 'paid_fee': 0, 'executed_funds': 0, 'trade_timestamp': None, 'order_timestamp': 1731241916853, 'timestamp': 1731241916957, 'stream_type': 'REALTIME'}
[21:31:56.982][11]bit22222222222222222 매수대기 (C0112000000405550596),{'type': 'myOrder', 'code': 'KRW-EOS', 'uuid': 'C0112000000405550596', 'ask_bid': 'BID', 'order_type': 'limit', 'state': 'wait', 'trade_uuid': None, 'price': 755, 'volume': 1501.13979, 'remaining_volume': 1501.13979, 'executed_volume': 0, 'trades_count': 0, 'reserved_fee': 2833.401353625, 'remaining_fee': 2833.401353625, 'paid_fee': 0, 'executed_funds': 0, 'trade_timestamp': None, 'order_timestamp': 1731241916853, 'timestamp': 1731241916957, 'stream_type': 'REALTIME'}
[21:31:57.089][11]빗썸탈출신청(C0112000000405550596) mode:1, 최종적으로 수량 부족으로 탈출. 업빗매수2차익:0.0, BitToUp:0.453, UpToBit:0.378, 남은매수/신청매수:1501.13979/1501.13979, buy_amount:980.8517591099999, get_total_units:2000.0, up_buy1_amount:2980.85175911, up_buy2_amount:37232.32829197
[21:31:57.328][11]빗썸탈출신청결과(C0112000000405550596) status_code:200 , {'uuid': 'C0112000000405550596', 'side': 'bid', 'ord_type': 'limit', 'price': '755', 'state': 'wait', 'market': 'KRW-EOS', 'created_at': '2024-11-10T21:31:56+09:00', 'volume': '1501.13979', 'remaining_volume': '1501.13979', 'reserved_fee': '2833.401353625', 'remaining_fee': '2833.401353625', 'paid_fee': '0', 'locked': '1136194.942803625', 'executed_volume': '0', 'trades_count': 0}
[21:31:57.380][11][bit](BID) 주문상태:cancel, {'type': 'myOrder', 'code': 'KRW-EOS', 'uuid': 'C0112000000405550596', 'ask_bid': 'BID', 'order_type': 'limit', 'state': 'cancel', 'trade_uuid': None, 'price': 755, 'volume': 1501.13979, 'remaining_volume': 1501.13979, 'executed_volume': 0, 'trades_count': 0, 'reserved_fee': 2833.401353625, 'remaining_fee': 2833.401353625, 'paid_fee': 0, 'executed_funds': 0, 'trade_timestamp': None, 'order_timestamp': 1731241916853, 'timestamp': 1731241917354, 'stream_type': 'REALTIME'}
[21:31:57.380][11]bit33333333333333333 매수취소(C0112000000405550596), {'type': 'myOrder', 'code': 'KRW-EOS', 'uuid': 'C0112000000405550596', 'ask_bid': 'BID', 'order_type': 'limit', 'state': 'cancel', 'trade_uuid': None, 'price': 755, 'volume': 1501.13979, 'remaining_volume': 1501.13979, 'executed_volume': 0, 'trades_count': 0, 'reserved_fee': 2833.401353625, 'remaining_fee': 2833.401353625, 'paid_fee': 0, 'executed_funds': 0, 'trade_timestamp': None, 'order_timestamp': 1731241916853, 'timestamp': 1731241917354, 'stream_type': 'REALTIME'}
[21:31:57.380][11]bit 4444444444444 쓰레드 정리 isclear isClear(C0112000000405550596), 남은양:1501.13979, {'type': 'myOrder', 'code': 'KRW-EOS', 'uuid': 'C0112000000405550596', 'ask_bid': 'BID', 'order_type': 'limit', 'state': 'cancel', 'trade_uuid': None, 'price': 755, 'volume': 1501.13979, 'remaining_volume': 1501.13979, 'executed_volume': 0, 'trades_count': 0, 'reserved_fee': 2833.401353625, 'remaining_fee': 2833.401353625, 'paid_fee': 0, 'executed_funds': 0, 'trade_timestamp': None, 'order_timestamp': 1731241916853, 'timestamp': 1731241917354, 'stream_type': 'REALTIME'}
[21:31:57.381][MyApi]stop_threads 시작 C0112000000405550596
[21:31:57.383]빗썸 [11][MyApi]쓰레드 종료
[21:31:57.384][11] 666666666666666 [MyApi]stop_threads 종료 C0112000000405550596
[21:31:58.326][12]빗썸1111111111111매수신청 완료(C0112000000405550598), mode:1, result:{'uuid': 'C0112000000405550598', 'side': 'bid', 'ord_type': 'limit', 'price': '755', 'state': 'wait', 'market': 'KRW-EOS', 'created_at': '2024-11-10T21:31:58+09:00', 'volume': '980.85175', 'remaining_volume': '980.85175', 'reserved_fee': '1851.357678125', 'remaining_fee': '1851.357678125', 'paid_fee': '0', 'locked': '742395.428928125', 'executed_volume': '0', 'trades_count': 0}
[21:31:58.424][12][bit](BID) 주문상태:wait, {'type': 'myOrder', 'code': 'KRW-EOS', 'uuid': 'C0112000000405550598', 'ask_bid': 'BID', 'order_type': 'limit', 'state': 'wait', 'trade_uuid': None, 'price': 755, 'volume': 980.85175, 'remaining_volume': 980.85175, 'executed_volume': 0, 'trades_count': 0, 'reserved_fee': 1851.357678125, 'remaining_fee': 1851.357678125, 'paid_fee': 0, 'executed_funds': 0, 'trade_timestamp': None, 'order_timestamp': 1731241918254, 'timestamp': 1731241918413, 'stream_type': 'REALTIME'}
[21:31:58.425][12]bit22222222222222222 매수대기 (C0112000000405550598),{'type': 'myOrder', 'code': 'KRW-EOS', 'uuid': 'C0112000000405550598', 'ask_bid': 'BID', 'order_type': 'limit', 'state': 'wait', 'trade_uuid': None, 'price': 755, 'volume': 980.85175, 'remaining_volume': 980.85175, 'executed_volume': 0, 'trades_count': 0, 'reserved_fee': 1851.357678125, 'remaining_fee': 1851.357678125, 'paid_fee': 0, 'executed_funds': 0, 'trade_timestamp': None, 'order_timestamp': 1731241918254, 'timestamp': 1731241918413, 'stream_type': 'REALTIME'}
[21:31:58.550][12]빗썸탈출신청(C0112000000405550598) mode:1, 최종적으로 수량 부족으로 탈출. 업빗매수2차익:0.0, BitToUp:0.453, UpToBit:0.378, 남은매수/신청매수:980.85175/980.85175, buy_amount:776.8198410800001, get_total_units:2000.0, up_buy1_amount:2776.81984108, up_buy2_amount:37232.32829197
[21:31:58.689][10]빗썸탈출신청(C0112000000405550591) mode:1, 최종적으로 수량 부족으로 탈출. 업빗매수2차익:0.0, BitToUp:0.453, UpToBit:0.378, 남은매수/신청매수:2000.0/2000.0, buy_amount:1516.81984108, get_total_units:0, up_buy1_amount:1516.81984108, up_buy2_amount:37232.32829197
[21:31:58.833][12]빗썸탈출신청결과(C0112000000405550598) status_code:200 , {'uuid': 'C0112000000405550598', 'side': 'bid', 'ord_type': 'limit', 'price': '755', 'state': 'wait', 'market': 'KRW-EOS', 'created_at': '2024-11-10T21:31:58+09:00', 'volume': '980.85175', 'remaining_volume': '980.85175', 'reserved_fee': '1851.357678125', 'remaining_fee': '1851.357678125', 'paid_fee': '0', 'locked': '742395.428928125', 'executed_volume': '0', 'trades_count': 0}
[21:31:58.919][12][bit](BID) 주문상태:cancel, {'type': 'myOrder', 'code': 'KRW-EOS', 'uuid': 'C0112000000405550598', 'ask_bid': 'BID', 'order_type': 'limit', 'state': 'cancel', 'trade_uuid': None, 'price': 755, 'volume': 980.85175, 'remaining_volume': 980.85175, 'executed_volume': 0, 'trades_count': 0, 'reserved_fee': 1851.357678125, 'remaining_fee': 1851.357678125, 'paid_fee': 0, 'executed_funds': 0, 'trade_timestamp': None, 'order_timestamp': 1731241918254, 'timestamp': 1731241918907, 'stream_type': 'REALTIME'}
[21:31:58.920][12]bit33333333333333333 매수취소(C0112000000405550598), {'type': 'myOrder', 'code': 'KRW-EOS', 'uuid': 'C0112000000405550598', 'ask_bid': 'BID', 'order_type': 'limit', 'state': 'cancel', 'trade_uuid': None, 'price': 755, 'volume': 980.85175, 'remaining_volume': 980.85175, 'executed_volume': 0, 'trades_count': 0, 'reserved_fee': 1851.357678125, 'remaining_fee': 1851.357678125, 'paid_fee': 0, 'executed_funds': 0, 'trade_timestamp': None, 'order_timestamp': 1731241918254, 'timestamp': 1731241918907, 'stream_type': 'REALTIME'}
[21:31:58.920][12]bit 4444444444444 쓰레드 정리 isclear isClear(C0112000000405550598), 남은양:980.85175, {'type': 'myOrder', 'code': 'KRW-EOS', 'uuid': 'C0112000000405550598', 'ask_bid': 'BID', 'order_type': 'limit', 'state': 'cancel', 'trade_uuid': None, 'price': 755, 'volume': 980.85175, 'remaining_volume': 980.85175, 'executed_volume': 0, 'trades_count': 0, 'reserved_fee': 1851.357678125, 'remaining_fee': 1851.357678125, 'paid_fee': 0, 'executed_funds': 0, 'trade_timestamp': None, 'order_timestamp': 1731241918254, 'timestamp': 1731241918907, 'stream_type': 'REALTIME'}
[21:31:58.921][MyApi]stop_threads 시작 C0112000000405550598
[21:31:58.922]빗썸 [12][MyApi]쓰레드 종료
[21:31:58.922][12] 666666666666666 [MyApi]stop_threads 종료 C0112000000405550598
[21:31:58.996][10]빗썸탈출신청결과(C0112000000405550591) status_code:200 , {'uuid': 'C0112000000405550591', 'side': 'bid', 'ord_type': 'limit', 'price': '755', 'state': 'wait', 'market': 'KRW-EOS', 'created_at': '2024-11-10T21:31:55+09:00', 'volume': '2000', 'remaining_volume': '2000', 'reserved_fee': '3775', 'remaining_fee': '3775', 'paid_fee': '0', 'locked': '1513776', 'executed_volume': '0', 'trades_count': 0}
[21:31:59.012][10][bit](BID) 주문상태:cancel, {'type': 'myOrder', 'code': 'KRW-EOS', 'uuid': 'C0112000000405550591', 'ask_bid': 'BID', 'order_type': 'limit', 'state': 'cancel', 'trade_uuid': None, 'price': 755, 'volume': 2000, 'remaining_volume': 2000, 'executed_volume': 0, 'trades_count': 0, 'reserved_fee': 3775, 'remaining_fee': 3775, 'paid_fee': 0, 'executed_funds': 0, 'trade_timestamp': None, 'order_timestamp': 1731241915883, 'timestamp': 1731241919003, 'stream_type': 'REALTIME'}
[21:31:59.012][10]bit33333333333333333 매수취소(C0112000000405550591), {'type': 'myOrder', 'code': 'KRW-EOS', 'uuid': 'C0112000000405550591', 'ask_bid': 'BID', 'order_type': 'limit', 'state': 'cancel', 'trade_uuid': None, 'price': 755, 'volume': 2000, 'remaining_volume': 2000, 'executed_volume': 0, 'trades_count': 0, 'reserved_fee': 3775, 'remaining_fee': 3775, 'paid_fee': 0, 'executed_funds': 0, 'trade_timestamp': None, 'order_timestamp': 1731241915883, 'timestamp': 1731241919003, 'stream_type': 'REALTIME'}
[21:31:59.012][10]bit 4444444444444 쓰레드 정리 isclear isClear(C0112000000405550591), 남은양:2000.0, {'type': 'myOrder', 'code': 'KRW-EOS', 'uuid': 'C0112000000405550591', 'ask_bid': 'BID', 'order_type': 'limit', 'state': 'cancel', 'trade_uuid': None, 'price': 755, 'volume': 2000, 'remaining_volume': 2000, 'executed_volume': 0, 'trades_count': 0, 'reserved_fee': 3775, 'remaining_fee': 3775, 'paid_fee': 0, 'executed_funds': 0, 'trade_timestamp': None, 'order_timestamp': 1731241915883, 'timestamp': 1731241919003, 'stream_type': 'REALTIME'}
[21:31:59.013][MyApi]stop_threads 시작 C0112000000405550591
[21:31:59.016]빗썸 [10][MyApi]쓰레드 종료
[21:31:59.016][10] 666666666666666 [MyApi]stop_threads 종료 C0112000000405550591
[21:31:59.980][13]빗썸1111111111111매수신청 완료(C0112000000405550599), mode:1, result:{'uuid': 'C0112000000405550599', 'side': 'bid', 'ord_type': 'limit', 'price': '755', 'state': 'wait', 'market': 'KRW-EOS', 'created_at': '2024-11-10T21:31:59+09:00', 'volume': '790.614', 'remaining_volume': '790.614', 'reserved_fee': '1492.283925', 'remaining_fee': '1492.283925', 'paid_fee': '0', 'locked': '598406.853925', 'executed_volume': '0', 'trades_count': 0}
[21:32:00.066][13][bit](BID) 주문상태:wait, {'type': 'myOrder', 'code': 'KRW-EOS', 'uuid': 'C0112000000405550599', 'ask_bid': 'BID', 'order_type': 'limit', 'state': 'wait', 'trade_uuid': None, 'price': 755, 'volume': 790.614, 'remaining_volume': 790.614, 'executed_volume': 0, 'trades_count': 0, 'reserved_fee': 1492.283925, 'remaining_fee': 1492.283925, 'paid_fee': 0, 'executed_funds': 0, 'trade_timestamp': None, 'order_timestamp': 1731241919910, 'timestamp': 1731241920057, 'stream_type': 'REALTIME'}
[21:32:00.067][13]bit22222222222222222 매수대기 (C0112000000405550599),{'type': 'myOrder', 'code': 'KRW-EOS', 'uuid': 'C0112000000405550599', 'ask_bid': 'BID', 'order_type': 'limit', 'state': 'wait', 'trade_uuid': None, 'price': 755, 'volume': 790.614, 'remaining_volume': 790.614, 'executed_volume': 0, 'trades_count': 0, 'reserved_fee': 1492.283925, 'remaining_fee': 1492.283925, 'paid_fee': 0, 'executed_funds': 0, 'trade_timestamp': None, 'order_timestamp': 1731241919910, 'timestamp': 1731241920057, 'stream_type': 'REALTIME'}
[21:32:00.389][13]빗썸탈출신청(C0112000000405550599) mode:1, 차익 부족0.0(0.453)
[21:32:00.673][13][bit](BID) 주문상태:cancel, {'type': 'myOrder', 'code': 'KRW-EOS', 'uuid': 'C0112000000405550599', 'ask_bid': 'BID', 'order_type': 'limit', 'state': 'cancel', 'trade_uuid': None, 'price': 755, 'volume': 790.614, 'remaining_volume': 790.614, 'executed_volume': 0, 'trades_count': 0, 'reserved_fee': 1492.283925, 'remaining_fee': 1492.283925, 'paid_fee': 0, 'executed_funds': 0, 'trade_timestamp': None, 'order_timestamp': 1731241919910, 'timestamp': 1731241920661, 'stream_type': 'REALTIME'}
[21:32:00.673][13]bit33333333333333333 매수취소(C0112000000405550599), {'type': 'myOrder', 'code': 'KRW-EOS', 'uuid': 'C0112000000405550599', 'ask_bid': 'BID', 'order_type': 'limit', 'state': 'cancel', 'trade_uuid': None, 'price': 755, 'volume': 790.614, 'remaining_volume': 790.614, 'executed_volume': 0, 'trades_count': 0, 'reserved_fee': 1492.283925, 'remaining_fee': 1492.283925, 'paid_fee': 0, 'executed_funds': 0, 'trade_timestamp': None, 'order_timestamp': 1731241919910, 'timestamp': 1731241920661, 'stream_type': 'REALTIME'}
[21:32:00.673][13]bit 4444444444444 쓰레드 정리 isclear isClear(C0112000000405550599), 남은양:790.614, {'type': 'myOrder', 'code': 'KRW-EOS', 'uuid': 'C0112000000405550599', 'ask_bid': 'BID', 'order_type': 'limit', 'state': 'cancel', 'trade_uuid': None, 'price': 755, 'volume': 790.614, 'remaining_volume': 790.614, 'executed_volume': 0, 'trades_count': 0, 'reserved_fee': 1492.283925, 'remaining_fee': 1492.283925, 'paid_fee': 0, 'executed_funds': 0, 'trade_timestamp': None, 'order_timestamp': 1731241919910, 'timestamp': 1731241920661, 'stream_type': 'REALTIME'}
[21:32:00.675][MyApi]stop_threads 시작 C0112000000405550599
[21:32:00.687][13]빗썸탈출신청결과(C0112000000405550599) status_code:200 , {'uuid': 'C0112000000405550599', 'side': 'bid', 'ord_type': 'limit', 'price': '755', 'state': 'wait', 'market': 'KRW-EOS', 'created_at': '2024-11-10T21:31:59+09:00', 'volume': '790.614', 'remaining_volume': '790.614', 'reserved_fee': '1492.283925', 'remaining_fee': '1492.283925', 'paid_fee': '0', 'locked': '598406.853925', 'executed_volume': '0', 'trades_count': 0}
[21:32:00.694]빗썸 [13][MyApi]쓰레드 종료
[21:32:00.695][13] 666666666666666 [MyApi]stop_threads 종료 C0112000000405550599
[21:32:03.452][14]빗썸1111111111111매수신청 완료(C0112000000405550608), mode:1, result:{'uuid': 'C0112000000405550608', 'side': 'bid', 'ord_type': 'limit', 'price': '755', 'state': 'wait', 'market': 'KRW-EOS', 'created_at': '2024-11-10T21:32:03+09:00', 'volume': '2000', 'remaining_volume': '2000', 'reserved_fee': '3775', 'remaining_fee': '3775', 'paid_fee': '0', 'locked': '1513776', 'executed_volume': '0', 'trades_count': 0}
[21:32:03.462][14][bit](BID) 주문상태:wait, {'type': 'myOrder', 'code': 'KRW-EOS', 'uuid': 'C0112000000405550608', 'ask_bid': 'BID', 'order_type': 'limit', 'state': 'wait', 'trade_uuid': None, 'price': 755, 'volume': 2000, 'remaining_volume': 2000, 'executed_volume': 0, 'trades_count': 0, 'reserved_fee': 3775, 'remaining_fee': 3775, 'paid_fee': 0, 'executed_funds': 0, 'trade_timestamp': None, 'order_timestamp': 1731241923365, 'timestamp': 1731241923454, 'stream_type': 'REALTIME'}
[21:32:03.464][14]bit22222222222222222 매수대기 (C0112000000405550608),{'type': 'myOrder', 'code': 'KRW-EOS', 'uuid': 'C0112000000405550608', 'ask_bid': 'BID', 'order_type': 'limit', 'state': 'wait', 'trade_uuid': None, 'price': 755, 'volume': 2000, 'remaining_volume': 2000, 'executed_volume': 0, 'trades_count': 0, 'reserved_fee': 3775, 'remaining_fee': 3775, 'paid_fee': 0, 'executed_funds': 0, 'trade_timestamp': None, 'order_timestamp': 1731241923365, 'timestamp': 1731241923454, 'stream_type': 'REALTIME'}
[21:32:04.559][15]빗썸1111111111111매수신청 완료(C0112000000405550611), mode:1, result:{'uuid': 'C0112000000405550611', 'side': 'bid', 'ord_type': 'limit', 'price': '755', 'state': 'wait', 'market': 'KRW-EOS', 'created_at': '2024-11-10T21:32:04+09:00', 'volume': '2000', 'remaining_volume': '2000', 'reserved_fee': '3775', 'remaining_fee': '3775', 'paid_fee': '0', 'locked': '1513776', 'executed_volume': '0', 'trades_count': 0}
[21:32:04.580][15][bit](BID) 주문상태:wait, {'type': 'myOrder', 'code': 'KRW-EOS', 'uuid': 'C0112000000405550611', 'ask_bid': 'BID', 'order_type': 'limit', 'state': 'wait', 'trade_uuid': None, 'price': 755, 'volume': 2000, 'remaining_volume': 2000, 'executed_volume': 0, 'trades_count': 0, 'reserved_fee': 3775, 'remaining_fee': 3775, 'paid_fee': 0, 'executed_funds': 0, 'trade_timestamp': None, 'order_timestamp': 1731241924460, 'timestamp': 1731241924558, 'stream_type': 'REALTIME'}
[21:32:04.582][15]bit22222222222222222 매수대기 (C0112000000405550611),{'type': 'myOrder', 'code': 'KRW-EOS', 'uuid': 'C0112000000405550611', 'ask_bid': 'BID', 'order_type': 'limit', 'state': 'wait', 'trade_uuid': None, 'price': 755, 'volume': 2000, 'remaining_volume': 2000, 'executed_volume': 0, 'trades_count': 0, 'reserved_fee': 3775, 'remaining_fee': 3775, 'paid_fee': 0, 'executed_funds': 0, 'trade_timestamp': None, 'order_timestamp': 1731241924460, 'timestamp': 1731241924558, 'stream_type': 'REALTIME'}
[21:32:05.441][16]빗썸1111111111111매수신청 완료(C0112000000405550633), mode:1, result:{'uuid': 'C0112000000405550633', 'side': 'bid', 'ord_type': 'limit', 'price': '755', 'state': 'wait', 'market': 'KRW-EOS', 'created_at': '2024-11-10T21:32:05+09:00', 'volume': '811.01', 'remaining_volume': '811.01', 'reserved_fee': '1530.781375', 'remaining_fee': '1530.781375', 'paid_fee': '0', 'locked': '613844.331375', 'executed_volume': '0', 'trades_count': 0}
[21:32:05.517][16][bit](BID) 주문상태:wait, {'type': 'myOrder', 'code': 'KRW-EOS', 'uuid': 'C0112000000405550633', 'ask_bid': 'BID', 'order_type': 'limit', 'state': 'wait', 'trade_uuid': None, 'price': 755, 'volume': 811.01, 'remaining_volume': 811.01, 'executed_volume': 0, 'trades_count': 0, 'reserved_fee': 1530.781375, 'remaining_fee': 1530.781375, 'paid_fee': 0, 'executed_funds': 0, 'trade_timestamp': None, 'order_timestamp': 1731241925366, 'timestamp': 1731241925502, 'stream_type': 'REALTIME'}
[21:32:05.518][16]bit22222222222222222 매수대기 (C0112000000405550633),{'type': 'myOrder', 'code': 'KRW-EOS', 'uuid': 'C0112000000405550633', 'ask_bid': 'BID', 'order_type': 'limit', 'state': 'wait', 'trade_uuid': None, 'price': 755, 'volume': 811.01, 'remaining_volume': 811.01, 'executed_volume': 0, 'trades_count': 0, 'reserved_fee': 1530.781375, 'remaining_fee': 1530.781375, 'paid_fee': 0, 'executed_funds': 0, 'trade_timestamp': None, 'order_timestamp': 1731241925366, 'timestamp': 1731241925502, 'stream_type': 'REALTIME'}
[21:32:23.068][14][bit](BID) 주문상태:trade, {'type': 'myOrder', 'code': 'KRW-EOS', 'uuid': 'C0112000000405550608', 'ask_bid': 'BID', 'order_type': 'limit', 'state': 'trade', 'trade_uuid': 'C0112000000050651903', 'price': 755, 'volume': 696.37409548, 'remaining_volume': 1303.62590452, 'executed_volume': 696.37409548, 'trades_count': 1, 'reserved_fee': 3775, 'remaining_fee': 3775, 'paid_fee': 0, 'executed_funds': 525762.4420874, 'trade_timestamp': 1731241942936, 'order_timestamp': 1731241923365, 'timestamp': 1731241943058, 'stream_type': 'REALTIME'}
[21:32:23.069][14]bit33333333333333333 매수 부분매수(C0112000000405550608), {'type': 'myOrder', 'code': 'KRW-EOS', 'uuid': 'C0112000000405550608', 'ask_bid': 'BID', 'order_type': 'limit', 'state': 'trade', 'trade_uuid': 'C0112000000050651903', 'price': 755, 'volume': 696.37409548, 'remaining_volume': 1303.62590452, 'executed_volume': 696.37409548, 'trades_count': 1, 'reserved_fee': 3775, 'remaining_fee': 3775, 'paid_fee': 0, 'executed_funds': 525762.4420874, 'trade_timestamp': 1731241942936, 'order_timestamp': 1731241923365, 'timestamp': 1731241943058, 'stream_type': 'REALTIME'}
[21:32:23.069][14]SellToMarket(up) 시작 (C0112000000405550608),{'type': 'myOrder', 'code': 'KRW-EOS', 'uuid': 'C0112000000405550608', 'ask_bid': 'BID', 'order_type': 'limit', 'state': 'trade', 'trade_uuid': 'C0112000000050651903', 'price': 755, 'volume': 696.37409548, 'remaining_volume': 1303.62590452, 'executed_volume': 696.37409548, 'trades_count': 1, 'reserved_fee': 3775, 'remaining_fee': 3775, 'paid_fee': 0, 'executed_funds': 525762.4420874, 'trade_timestamp': 1731241942936, 'order_timestamp': 1731241923365, 'timestamp': 1731241943058, 'stream_type': 'REALTIME'}
[21:32:23.070][14]up매도직전 
[21:32:23.199][16]빗썸탈출신청(C0112000000405550633) mode:1, 최종적으로 수량 부족으로 탈출. 업빗매수2차익:0.0, BitToUp:0.453, UpToBit:0.378, 남은매수/신청매수:811.01/811.01, buy_amount:-1956.6202392999999, get_total_units:3303.62590452, up_buy1_amount:1347.00566522, up_buy2_amount:38457.55764687
[21:32:23.199][15]빗썸탈출신청(C0112000000405550611) mode:1, 최종적으로 수량 부족으로 탈출. 업빗매수2차익:0.0, BitToUp:0.453, UpToBit:0.378, 남은매수/신청매수:2000.0/2000.0, buy_amount:43.37976070000013, get_total_units:1303.62590452, up_buy1_amount:1347.00566522, up_buy2_amount:38457.55764687
[21:32:23.224][14]up매도직후2 result:{'uuid': '4e385e40-3f39-45ec-a4ec-a10eafb91ff6', 'side': 'ask', 'ord_type': 'market', 'state': 'wait', 'market': 'KRW-EOS', 'created_at': '2024-11-10T21:32:23+09:00', 'volume': '696.37409548', 'remaining_volume': '696.37409548', 'reserved_fee': '0', 'remaining_fee': '0', 'paid_fee': '0', 'locked': '696.37409548', 'executed_volume': '0', 'trades_count': 0} 
[21:32:23.226][14]up 555555555555555 매도신청 완료 (4e385e40-3f39-45ec-a4ec-a10eafb91ff6),{'uuid': '4e385e40-3f39-45ec-a4ec-a10eafb91ff6', 'side': 'ask', 'ord_type': 'market', 'state': 'wait', 'market': 'KRW-EOS', 'created_at': '2024-11-10T21:32:23+09:00', 'volume': '696.37409548', 'remaining_volume': '696.37409548', 'reserved_fee': '0', 'remaining_fee': '0', 'paid_fee': '0', 'locked': '696.37409548', 'executed_volume': '0', 'trades_count': 0}
[21:32:23.256][14][up](ASK) 주문상태:wait, {'type': 'myOrder', 'code': 'KRW-EOS', 'uuid': '4e385e40-3f39-45ec-a4ec-a10eafb91ff6', 'ask_bid': 'ASK', 'order_type': 'market', 'state': 'wait', 'trade_uuid': None, 'price': None, 'avg_price': 0, 'volume': 696.37409548, 'remaining_volume': 696.37409548, 'executed_volume': 0, 'trades_count': 0, 'reserved_fee': 0, 'remaining_fee': 0, 'paid_fee': 0, 'locked': 696.37409548, 'executed_funds': 0, 'time_in_force': None, 'trade_timestamp': None, 'order_timestamp': 1731241943000, 'timestamp': 1731241943242, 'stream_type': 'REALTIME'}
[21:32:23.302][14]빗썸탈출신청(C0112000000405550608) mode:1, 차익 부족0.0(0.453)
[21:32:23.313][14][up](ASK) 주문상태:trade, {'type': 'myOrder', 'code': 'KRW-EOS', 'uuid': '4e385e40-3f39-45ec-a4ec-a10eafb91ff6', 'ask_bid': 'ASK', 'order_type': 'market', 'state': 'trade', 'trade_uuid': 'd98ab9b5-1986-4b4e-9e1a-9dbbd4af6494', 'price': 755, 'avg_price': 754.6225, 'volume': 696.37409548, 'remaining_volume': 0, 'executed_volume': 696.37409548, 'trades_count': 1, 'reserved_fee': 0, 'remaining_fee': 0, 'paid_fee': 262.8812210437, 'locked': 0, 'executed_funds': 525762.4420874, 'time_in_force': None, 'trade_timestamp': 1731241943213, 'order_timestamp': 1731241943000, 'timestamp': 1731241943298, 'stream_type': 'REALTIME'}
[21:32:23.314][14]up 77777777777 매도 완료 매수:C0112000000405550608, 매도:(4e385e40-3f39-45ec-a4ec-a10eafb91ff6), {'type': 'myOrder', 'code': 'KRW-EOS', 'uuid': '4e385e40-3f39-45ec-a4ec-a10eafb91ff6', 'ask_bid': 'ASK', 'order_type': 'market', 'state': 'trade', 'trade_uuid': 'd98ab9b5-1986-4b4e-9e1a-9dbbd4af6494', 'price': 755, 'avg_price': 754.6225, 'volume': 696.37409548, 'remaining_volume': 0, 'executed_volume': 696.37409548, 'trades_count': 1, 'reserved_fee': 0, 'remaining_fee': 0, 'paid_fee': 262.8812210437, 'locked': 0, 'executed_funds': 525762.4420874, 'time_in_force': None, 'trade_timestamp': 1731241943213, 'order_timestamp': 1731241943000, 'timestamp': 1731241943298, 'stream_type': 'REALTIME'}
[21:32:23.325][14][up](ASK) 주문상태:done, {'type': 'myOrder', 'code': 'KRW-EOS', 'uuid': '4e385e40-3f39-45ec-a4ec-a10eafb91ff6', 'ask_bid': 'ASK', 'order_type': 'market', 'state': 'done', 'trade_uuid': None, 'price': None, 'avg_price': 754.6225, 'volume': 696.37409548, 'remaining_volume': 0, 'executed_volume': 696.37409548, 'trades_count': 1, 'reserved_fee': 0, 'remaining_fee': 0, 'paid_fee': 262.8812210437, 'locked': 0, 'executed_funds': 525762.4420874, 'time_in_force': None, 'trade_timestamp': None, 'order_timestamp': 1731241943000, 'timestamp': 1731241943299, 'stream_type': 'REALTIME'}
[21:32:23.546][15]빗썸탈출신청결과(C0112000000405550611) status_code:200 , {'uuid': 'C0112000000405550611', 'side': 'bid', 'ord_type': 'limit', 'price': '755', 'state': 'wait', 'market': 'KRW-EOS', 'created_at': '2024-11-10T21:32:04+09:00', 'volume': '2000', 'remaining_volume': '2000', 'reserved_fee': '3775', 'remaining_fee': '3775', 'paid_fee': '0', 'locked': '1513776', 'executed_volume': '0', 'trades_count': 0}
[21:32:23.596][16]빗썸탈출신청결과(C0112000000405550633) status_code:200 , {'uuid': 'C0112000000405550633', 'side': 'bid', 'ord_type': 'limit', 'price': '755', 'state': 'wait', 'market': 'KRW-EOS', 'created_at': '2024-11-10T21:32:05+09:00', 'volume': '811.01', 'remaining_volume': '811.01', 'reserved_fee': '1530.781375', 'remaining_fee': '1530.781375', 'paid_fee': '0', 'locked': '613844.331375', 'executed_volume': '0', 'trades_count': 0}
[21:32:23.623][15][bit](BID) 주문상태:cancel, {'type': 'myOrder', 'code': 'KRW-EOS', 'uuid': 'C0112000000405550611', 'ask_bid': 'BID', 'order_type': 'limit', 'state': 'cancel', 'trade_uuid': None, 'price': 755, 'volume': 2000, 'remaining_volume': 2000, 'executed_volume': 0, 'trades_count': 0, 'reserved_fee': 3775, 'remaining_fee': 3775, 'paid_fee': 0, 'executed_funds': 0, 'trade_timestamp': None, 'order_timestamp': 1731241924460, 'timestamp': 1731241943615, 'stream_type': 'REALTIME'}
[21:32:23.623][15]bit33333333333333333 매수취소(C0112000000405550611), {'type': 'myOrder', 'code': 'KRW-EOS', 'uuid': 'C0112000000405550611', 'ask_bid': 'BID', 'order_type': 'limit', 'state': 'cancel', 'trade_uuid': None, 'price': 755, 'volume': 2000, 'remaining_volume': 2000, 'executed_volume': 0, 'trades_count': 0, 'reserved_fee': 3775, 'remaining_fee': 3775, 'paid_fee': 0, 'executed_funds': 0, 'trade_timestamp': None, 'order_timestamp': 1731241924460, 'timestamp': 1731241943615, 'stream_type': 'REALTIME'}
[21:32:23.623][15]bit 4444444444444 쓰레드 정리 isclear isClear(C0112000000405550611), 남은양:2000.0, {'type': 'myOrder', 'code': 'KRW-EOS', 'uuid': 'C0112000000405550611', 'ask_bid': 'BID', 'order_type': 'limit', 'state': 'cancel', 'trade_uuid': None, 'price': 755, 'volume': 2000, 'remaining_volume': 2000, 'executed_volume': 0, 'trades_count': 0, 'reserved_fee': 3775, 'remaining_fee': 3775, 'paid_fee': 0, 'executed_funds': 0, 'trade_timestamp': None, 'order_timestamp': 1731241924460, 'timestamp': 1731241943615, 'stream_type': 'REALTIME'}
[21:32:23.624][16][bit](BID) 주문상태:cancel, {'type': 'myOrder', 'code': 'KRW-EOS', 'uuid': 'C0112000000405550633', 'ask_bid': 'BID', 'order_type': 'limit', 'state': 'cancel', 'trade_uuid': None, 'price': 755, 'volume': 811.01, 'remaining_volume': 811.01, 'executed_volume': 0, 'trades_count': 0, 'reserved_fee': 1530.781375, 'remaining_fee': 1530.781375, 'paid_fee': 0, 'executed_funds': 0, 'trade_timestamp': None, 'order_timestamp': 1731241925366, 'timestamp': 1731241943615, 'stream_type': 'REALTIME'}
[21:32:23.625][16]bit33333333333333333 매수취소(C0112000000405550633), {'type': 'myOrder', 'code': 'KRW-EOS', 'uuid': 'C0112000000405550633', 'ask_bid': 'BID', 'order_type': 'limit', 'state': 'cancel', 'trade_uuid': None, 'price': 755, 'volume': 811.01, 'remaining_volume': 811.01, 'executed_volume': 0, 'trades_count': 0, 'reserved_fee': 1530.781375, 'remaining_fee': 1530.781375, 'paid_fee': 0, 'executed_funds': 0, 'trade_timestamp': None, 'order_timestamp': 1731241925366, 'timestamp': 1731241943615, 'stream_type': 'REALTIME'}
[21:32:23.625][16]bit 4444444444444 쓰레드 정리 isclear isClear(C0112000000405550633), 남은양:811.01, {'type': 'myOrder', 'code': 'KRW-EOS', 'uuid': 'C0112000000405550633', 'ask_bid': 'BID', 'order_type': 'limit', 'state': 'cancel', 'trade_uuid': None, 'price': 755, 'volume': 811.01, 'remaining_volume': 811.01, 'executed_volume': 0, 'trades_count': 0, 'reserved_fee': 1530.781375, 'remaining_fee': 1530.781375, 'paid_fee': 0, 'executed_funds': 0, 'trade_timestamp': None, 'order_timestamp': 1731241925366, 'timestamp': 1731241943615, 'stream_type': 'REALTIME'}
[21:32:23.625][MyApi]stop_threads 시작 C0112000000405550611
[21:32:23.626][16]빗썸탈출신청(C0112000000405550633) mode:1, 업빗쪽 내 코인 계산이 안 맞았던거 같음. 다른 쓰레드 신청양(3303.62590452), 매수미체결양:811.01, 업빗쪽 내 코인양:4114.63
[21:32:23.630][MyApi]stop_threads 시작 C0112000000405550633
[21:32:23.631]빗썸 [15][MyApi]쓰레드 종료
[21:32:23.631][15] 666666666666666 [MyApi]stop_threads 종료 C0112000000405550611
[21:32:23.657][14]빗썸탈출신청결과(C0112000000405550608) status_code:200 , {'uuid': 'C0112000000405550608', 'side': 'bid', 'ord_type': 'limit', 'price': '755', 'state': 'wait', 'market': 'KRW-EOS', 'created_at': '2024-11-10T21:32:03+09:00', 'volume': '2000', 'remaining_volume': '1303.62590452', 'reserved_fee': '3775', 'remaining_fee': '2460.5938947825', 'paid_fee': '0', 'locked': '986699.1518073815', 'executed_volume': '696.37409548', 'trades_count': 1}
[21:32:23.731][14][bit](BID) 주문상태:cancel, {'type': 'myOrder', 'code': 'KRW-EOS', 'uuid': 'C0112000000405550608', 'ask_bid': 'BID', 'order_type': 'limit', 'state': 'cancel', 'trade_uuid': None, 'price': 755, 'volume': 2000, 'remaining_volume': 1303.62590452, 'executed_volume': 696.37409548, 'trades_count': 0, 'reserved_fee': 3775, 'remaining_fee': 2460.5938947815, 'paid_fee': 1314.4061052185, 'executed_funds': 0, 'trade_timestamp': None, 'order_timestamp': 1731241923365, 'timestamp': 1731241943710, 'stream_type': 'REALTIME'}
[21:32:23.732][14]bit33333333333333333 매수취소(C0112000000405550608), {'type': 'myOrder', 'code': 'KRW-EOS', 'uuid': 'C0112000000405550608', 'ask_bid': 'BID', 'order_type': 'limit', 'state': 'cancel', 'trade_uuid': None, 'price': 755, 'volume': 2000, 'remaining_volume': 1303.62590452, 'executed_volume': 696.37409548, 'trades_count': 0, 'reserved_fee': 3775, 'remaining_fee': 2460.5938947815, 'paid_fee': 1314.4061052185, 'executed_funds': 0, 'trade_timestamp': None, 'order_timestamp': 1731241923365, 'timestamp': 1731241943710, 'stream_type': 'REALTIME'}
[21:32:23.732][14]bit 4444444444444 쓰레드 정리 isclear isClear(C0112000000405550608), 남은양:1303.62590452, {'type': 'myOrder', 'code': 'KRW-EOS', 'uuid': 'C0112000000405550608', 'ask_bid': 'BID', 'order_type': 'limit', 'state': 'cancel', 'trade_uuid': None, 'price': 755, 'volume': 2000, 'remaining_volume': 1303.62590452, 'executed_volume': 696.37409548, 'trades_count': 0, 'reserved_fee': 3775, 'remaining_fee': 2460.5938947815, 'paid_fee': 1314.4061052185, 'executed_funds': 0, 'trade_timestamp': None, 'order_timestamp': 1731241923365, 'timestamp': 1731241943710, 'stream_type': 'REALTIME'}
[21:32:23.733][MyApi]stop_threads 시작 C0112000000405550608
[21:32:23.734]빗썸 [14][MyApi]쓰레드 종료
[21:32:23.734][14] 666666666666666 [MyApi]stop_threads 종료 C0112000000405550608
[21:32:23.830][16]빗썸탈출신청결과(C0112000000405550633) status_code:404 , {'error': {'name': 'order_not_found', 'message': '주문을 찾지 못했습니다.'}}
[21:32:23.835]빗썸 [16][MyApi]쓰레드 종료
[21:32:23.835][16] 666666666666666 [MyApi]stop_threads 종료 C0112000000405550633
[21:32:39.620][17]업빗1111111111111매수신청 완료(d15a0828-716f-4a90-acf2-65dc9686c74a), mode:1, result:{'uuid': 'd15a0828-716f-4a90-acf2-65dc9686c74a', 'side': 'bid', 'ord_type': 'limit', 'price': '754', 'state': 'wait', 'market': 'KRW-EOS', 'created_at': '2024-11-10T21:32:39+09:00', 'volume': '86.7912', 'remaining_volume': '86.7912', 'reserved_fee': '32.7202824', 'remaining_fee': '32.7202824', 'paid_fee': '0', 'locked': '65473.2850824', 'executed_volume': '0', 'trades_count': 0}
[21:32:39.661][17][up](BID) 주문상태:wait, {'type': 'myOrder', 'code': 'KRW-EOS', 'uuid': 'd15a0828-716f-4a90-acf2-65dc9686c74a', 'ask_bid': 'BID', 'order_type': 'limit', 'state': 'wait', 'trade_uuid': None, 'price': 754, 'avg_price': 0, 'volume': 86.7912, 'remaining_volume': 86.7912, 'executed_volume': 0, 'trades_count': 0, 'reserved_fee': 32.7202824, 'remaining_fee': 32.7202824, 'paid_fee': 0, 'locked': 65473.2850824, 'executed_funds': 0, 'time_in_force': None, 'trade_timestamp': None, 'order_timestamp': 1731241959000, 'timestamp': 1731241959644, 'stream_type': 'REALTIME'}
[21:32:39.662][17]up22222222222222222 매수대기 (d15a0828-716f-4a90-acf2-65dc9686c74a),{'type': 'myOrder', 'code': 'KRW-EOS', 'uuid': 'd15a0828-716f-4a90-acf2-65dc9686c74a', 'ask_bid': 'BID', 'order_type': 'limit', 'state': 'wait', 'trade_uuid': None, 'price': 754, 'avg_price': 0, 'volume': 86.7912, 'remaining_volume': 86.7912, 'executed_volume': 0, 'trades_count': 0, 'reserved_fee': 32.7202824, 'remaining_fee': 32.7202824, 'paid_fee': 0, 'locked': 65473.2850824, 'executed_funds': 0, 'time_in_force': None, 'trade_timestamp': None, 'order_timestamp': 1731241959000, 'timestamp': 1731241959644, 'stream_type': 'REALTIME'}
[21:32:42.681][17][up](BID) 주문상태:trade, {'type': 'myOrder', 'code': 'KRW-EOS', 'uuid': 'd15a0828-716f-4a90-acf2-65dc9686c74a', 'ask_bid': 'BID', 'order_type': 'limit', 'state': 'trade', 'trade_uuid': '955d13d2-bdcb-441f-a5fb-af315cacb460', 'price': 754, 'avg_price': 754.377, 'volume': 86.7912, 'remaining_volume': 0, 'executed_volume': 86.7912, 'trades_count': 1, 'reserved_fee': 32.7202824, 'remaining_fee': 0, 'paid_fee': 32.7202824, 'locked': 0, 'executed_funds': 65440.5648, 'time_in_force': None, 'trade_timestamp': 1731241962581, 'order_timestamp': 1731241959000, 'timestamp': 1731241962671, 'stream_type': 'REALTIME'}
[21:32:42.682][17][up](BID) 주문상태:done, {'type': 'myOrder', 'code': 'KRW-EOS', 'uuid': 'd15a0828-716f-4a90-acf2-65dc9686c74a', 'ask_bid': 'BID', 'order_type': 'limit', 'state': 'done', 'trade_uuid': None, 'price': 754, 'avg_price': 754.377, 'volume': 86.7912, 'remaining_volume': 0, 'executed_volume': 86.7912, 'trades_count': 1, 'reserved_fee': 32.7202824, 'remaining_fee': 0, 'paid_fee': 32.7202824, 'locked': 0, 'executed_funds': 65440.5648, 'time_in_force': None, 'trade_timestamp': None, 'order_timestamp': 1731241959000, 'timestamp': 1731241962672, 'stream_type': 'REALTIME'}
[21:32:42.683][17]up33333333333333333 매수 부분매수(d15a0828-716f-4a90-acf2-65dc9686c74a), {'type': 'myOrder', 'code': 'KRW-EOS', 'uuid': 'd15a0828-716f-4a90-acf2-65dc9686c74a', 'ask_bid': 'BID', 'order_type': 'limit', 'state': 'trade', 'trade_uuid': '955d13d2-bdcb-441f-a5fb-af315cacb460', 'price': 754, 'avg_price': 754.377, 'volume': 86.7912, 'remaining_volume': 0, 'executed_volume': 86.7912, 'trades_count': 1, 'reserved_fee': 32.7202824, 'remaining_fee': 0, 'paid_fee': 32.7202824, 'locked': 0, 'executed_funds': 65440.5648, 'time_in_force': None, 'trade_timestamp': 1731241962581, 'order_timestamp': 1731241959000, 'timestamp': 1731241962671, 'stream_type': 'REALTIME'}
[21:32:42.683][17]SellToMarket(bit) 시작 (d15a0828-716f-4a90-acf2-65dc9686c74a),{'type': 'myOrder', 'code': 'KRW-EOS', 'uuid': 'd15a0828-716f-4a90-acf2-65dc9686c74a', 'ask_bid': 'BID', 'order_type': 'limit', 'state': 'trade', 'trade_uuid': '955d13d2-bdcb-441f-a5fb-af315cacb460', 'price': 754, 'avg_price': 754.377, 'volume': 86.7912, 'remaining_volume': 0, 'executed_volume': 86.7912, 'trades_count': 1, 'reserved_fee': 32.7202824, 'remaining_fee': 0, 'paid_fee': 32.7202824, 'locked': 0, 'executed_funds': 65440.5648, 'time_in_force': None, 'trade_timestamp': 1731241962581, 'order_timestamp': 1731241959000, 'timestamp': 1731241962671, 'stream_type': 'REALTIME'}
[21:32:42.684][17]up업빗 done이므로 무시.(d15a0828-716f-4a90-acf2-65dc9686c74a), 체결량:86.7912, {'type': 'myOrder', 'code': 'KRW-EOS', 'uuid': 'd15a0828-716f-4a90-acf2-65dc9686c74a', 'ask_bid': 'BID', 'order_type': 'limit', 'state': 'done', 'trade_uuid': None, 'price': 754, 'avg_price': 754.377, 'volume': 86.7912, 'remaining_volume': 0, 'executed_volume': 86.7912, 'trades_count': 1, 'reserved_fee': 32.7202824, 'remaining_fee': 0, 'paid_fee': 32.7202824, 'locked': 0, 'executed_funds': 65440.5648, 'time_in_force': None, 'trade_timestamp': None, 'order_timestamp': 1731241959000, 'timestamp': 1731241962672, 'stream_type': 'REALTIME'}
[21:32:42.685][17]bit매도직전 
[21:32:42.689][17]업빗탈출신청(d15a0828-716f-4a90-acf2-65dc9686c74a) mode:1, 매수하고 남은 양이 너무 적음. 매수되버리면 짜투리 됨 0.0
[21:32:42.826][17]업빗탈출신청결과(d15a0828-716f-4a90-acf2-65dc9686c74a) status_code:400 , {'error': {'message': '이미 체결된 주문입니다.', 'name': 'done_order'}}
[21:32:42.984][17]bit매도직후2 result:{'uuid': 'C0112000000405550698', 'side': 'ask', 'ord_type': 'market', 'state': 'wait', 'market': 'KRW-EOS', 'created_at': '2024-11-10T21:32:42+09:00', 'volume': '86.7912', 'remaining_volume': '86.7912', 'reserved_fee': '0', 'remaining_fee': '0', 'paid_fee': '0', 'locked': '86.7912', 'executed_volume': '0', 'trades_count': 0} 
[21:32:42.984][17]bit 555555555555555 매도신청 완료 (C0112000000405550698),{'uuid': 'C0112000000405550698', 'side': 'ask', 'ord_type': 'market', 'state': 'wait', 'market': 'KRW-EOS', 'created_at': '2024-11-10T21:32:42+09:00', 'volume': '86.7912', 'remaining_volume': '86.7912', 'reserved_fee': '0', 'remaining_fee': '0', 'paid_fee': '0', 'locked': '86.7912', 'executed_volume': '0', 'trades_count': 0}
[21:32:42.986][17]up 4444444444444 쓰레드 정리 isclear isClear(d15a0828-716f-4a90-acf2-65dc9686c74a), 남은양:0.0, {'type': 'myOrder', 'code': 'KRW-EOS', 'uuid': 'd15a0828-716f-4a90-acf2-65dc9686c74a', 'ask_bid': 'BID', 'order_type': 'limit', 'state': 'trade', 'trade_uuid': '955d13d2-bdcb-441f-a5fb-af315cacb460', 'price': 754, 'avg_price': 754.377, 'volume': 86.7912, 'remaining_volume': 0, 'executed_volume': 86.7912, 'trades_count': 1, 'reserved_fee': 32.7202824, 'remaining_fee': 0, 'paid_fee': 32.7202824, 'locked': 0, 'executed_funds': 65440.5648, 'time_in_force': None, 'trade_timestamp': 1731241962581, 'order_timestamp': 1731241959000, 'timestamp': 1731241962671, 'stream_type': 'REALTIME'}
[21:32:42.987][MyApi]stop_threads 시작 d15a0828-716f-4a90-acf2-65dc9686c74a
[21:32:42.990]업빗 [17][MyApi]쓰레드 종료
[21:32:42.990][17] 666666666666666 [MyApi]stop_threads 종료 d15a0828-716f-4a90-acf2-65dc9686c74a
[21:32:43.012][17][bit](ASK) 주문상태:done, {'type': 'myOrder', 'code': 'KRW-EOS', 'uuid': 'C0112000000405550698', 'ask_bid': 'ASK', 'order_type': 'market', 'state': 'done', 'trade_uuid': 'C0112000000050651906', 'price': 755, 'volume': 86.7912, 'remaining_volume': 0, 'executed_volume': 86.7912, 'trades_count': 2, 'reserved_fee': 0, 'remaining_fee': 0, 'paid_fee': 0, 'executed_funds': 65527.356, 'trade_timestamp': 1731241962918, 'order_timestamp': 1731241962907, 'timestamp': 1731241963004, 'stream_type': 'REALTIME'}
[21:32:43.012][17]bit 77777777777 매도 완료 매수:d15a0828-716f-4a90-acf2-65dc9686c74a, 매도:(C0112000000405550698), {'type': 'myOrder', 'code': 'KRW-EOS', 'uuid': 'C0112000000405550698', 'ask_bid': 'ASK', 'order_type': 'market', 'state': 'done', 'trade_uuid': 'C0112000000050651906', 'price': 755, 'volume': 86.7912, 'remaining_volume': 0, 'executed_volume': 86.7912, 'trades_count': 2, 'reserved_fee': 0, 'remaining_fee': 0, 'paid_fee': 0, 'executed_funds': 65527.356, 'trade_timestamp': 1731241962918, 'order_timestamp': 1731241962907, 'timestamp': 1731241963004, 'stream_type': 'REALTIME'}
[21:32:53.719][18]업빗1111111111111매수신청 완료(9bb1519e-008c-4567-859c-6bfab06dad20), mode:1, result:{'uuid': '9bb1519e-008c-4567-859c-6bfab06dad20', 'side': 'bid', 'ord_type': 'limit', 'price': '753', 'state': 'wait', 'market': 'KRW-EOS', 'created_at': '2024-11-10T21:32:53+09:00', 'volume': '135.8492', 'remaining_volume': '135.8492', 'reserved_fee': '51.1472238', 'remaining_fee': '51.1472238', 'paid_fee': '0', 'locked': '102345.5948238', 'executed_volume': '0', 'trades_count': 0}
[21:32:53.751][18][up](BID) 주문상태:wait, {'type': 'myOrder', 'code': 'KRW-EOS', 'uuid': '9bb1519e-008c-4567-859c-6bfab06dad20', 'ask_bid': 'BID', 'order_type': 'limit', 'state': 'wait', 'trade_uuid': None, 'price': 753, 'avg_price': 0, 'volume': 135.8492, 'remaining_volume': 135.8492, 'executed_volume': 0, 'trades_count': 0, 'reserved_fee': 51.1472238, 'remaining_fee': 51.1472238, 'paid_fee': 0, 'locked': 102345.5948238, 'executed_funds': 0, 'time_in_force': None, 'trade_timestamp': None, 'order_timestamp': 1731241973000, 'timestamp': 1731241973739, 'stream_type': 'REALTIME'}
[21:32:53.753][18]up22222222222222222 매수대기 (9bb1519e-008c-4567-859c-6bfab06dad20),{'type': 'myOrder', 'code': 'KRW-EOS', 'uuid': '9bb1519e-008c-4567-859c-6bfab06dad20', 'ask_bid': 'BID', 'order_type': 'limit', 'state': 'wait', 'trade_uuid': None, 'price': 753, 'avg_price': 0, 'volume': 135.8492, 'remaining_volume': 135.8492, 'executed_volume': 0, 'trades_count': 0, 'reserved_fee': 51.1472238, 'remaining_fee': 51.1472238, 'paid_fee': 0, 'locked': 102345.5948238, 'executed_funds': 0, 'time_in_force': None, 'trade_timestamp': None, 'order_timestamp': 1731241973000, 'timestamp': 1731241973739, 'stream_type': 'REALTIME'}
[21:32:57.170][18]업빗탈출신청(9bb1519e-008c-4567-859c-6bfab06dad20) mode:1, 최종적으로 수량 부족으로 탈출. 빗썸매수2차익:0.0, BitToUp:0.452, UpToBit:0.376, 남은매수/신청매수:135.8492/135.8492, buy_amount:0.0, get_total_units:0, up_buy1_amount:0.0, up_buy2_amount:256.10129999
[21:32:57.284][18]업빗탈출신청결과(9bb1519e-008c-4567-859c-6bfab06dad20) status_code:200 , {'uuid': '9bb1519e-008c-4567-859c-6bfab06dad20', 'side': 'bid', 'ord_type': 'limit', 'price': '753', 'state': 'wait', 'market': 'KRW-EOS', 'created_at': '2024-11-10T21:32:53+09:00', 'volume': '135.8492', 'remaining_volume': '135.8492', 'reserved_fee': '51.1472238', 'remaining_fee': '51.1472238', 'paid_fee': '0', 'locked': '102345.5948238', 'executed_volume': '0', 'trades_count': 0}
[21:32:57.289][18]업빗탈출신청(9bb1519e-008c-4567-859c-6bfab06dad20) mode:1, 최종적으로 수량 부족으로 탈출. 빗썸매수2차익:0.0, BitToUp:0.452, UpToBit:0.376, 남은매수/신청매수:135.8492/135.8492, buy_amount:0.0, get_total_units:0, up_buy1_amount:0.0, up_buy2_amount:256.10129999
[21:32:57.320][18][up](BID) 주문상태:cancel, {'type': 'myOrder', 'code': 'KRW-EOS', 'uuid': '9bb1519e-008c-4567-859c-6bfab06dad20', 'ask_bid': 'BID', 'order_type': 'limit', 'state': 'cancel', 'trade_uuid': None, 'price': 753, 'avg_price': 0, 'volume': 135.8492, 'remaining_volume': 135.8492, 'executed_volume': 0, 'trades_count': 0, 'reserved_fee': 51.1472238, 'remaining_fee': 51.1472238, 'paid_fee': 0, 'locked': 102345.5948238, 'executed_funds': 0, 'time_in_force': None, 'trade_timestamp': None, 'order_timestamp': 1731241973000, 'timestamp': 1731241977310, 'stream_type': 'REALTIME'}
[21:32:57.321][18]up33333333333333333 매수취소(9bb1519e-008c-4567-859c-6bfab06dad20), {'type': 'myOrder', 'code': 'KRW-EOS', 'uuid': '9bb1519e-008c-4567-859c-6bfab06dad20', 'ask_bid': 'BID', 'order_type': 'limit', 'state': 'cancel', 'trade_uuid': None, 'price': 753, 'avg_price': 0, 'volume': 135.8492, 'remaining_volume': 135.8492, 'executed_volume': 0, 'trades_count': 0, 'reserved_fee': 51.1472238, 'remaining_fee': 51.1472238, 'paid_fee': 0, 'locked': 102345.5948238, 'executed_funds': 0, 'time_in_force': None, 'trade_timestamp': None, 'order_timestamp': 1731241973000, 'timestamp': 1731241977310, 'stream_type': 'REALTIME'}
[21:32:57.321][18]up 4444444444444 쓰레드 정리 isclear isClear(9bb1519e-008c-4567-859c-6bfab06dad20), 남은양:135.8492, {'type': 'myOrder', 'code': 'KRW-EOS', 'uuid': '9bb1519e-008c-4567-859c-6bfab06dad20', 'ask_bid': 'BID', 'order_type': 'limit', 'state': 'cancel', 'trade_uuid': None, 'price': 753, 'avg_price': 0, 'volume': 135.8492, 'remaining_volume': 135.8492, 'executed_volume': 0, 'trades_count': 0, 'reserved_fee': 51.1472238, 'remaining_fee': 51.1472238, 'paid_fee': 0, 'locked': 102345.5948238, 'executed_funds': 0, 'time_in_force': None, 'trade_timestamp': None, 'order_timestamp': 1731241973000, 'timestamp': 1731241977310, 'stream_type': 'REALTIME'}
[21:32:57.322][MyApi]stop_threads 시작 9bb1519e-008c-4567-859c-6bfab06dad20
[21:32:57.378][18]업빗탈출신청결과(9bb1519e-008c-4567-859c-6bfab06dad20) status_code:400 , {'error': {'message': '이미 취소된 주문입니다.', 'name': 'canceled_order'}}
[21:32:57.382]업빗 [18][MyApi]쓰레드 종료
[21:32:57.382][18] 666666666666666 [MyApi]stop_threads 종료 9bb1519e-008c-4567-859c-6bfab06dad20
[21:33:29.003][19]업빗1111111111111매수신청 완료(b2ac595a-e620-4d8a-837c-77b93c48f2e3), mode:1, result:{'uuid': 'b2ac595a-e620-4d8a-837c-77b93c48f2e3', 'side': 'bid', 'ord_type': 'limit', 'price': '753', 'state': 'wait', 'market': 'KRW-EOS', 'created_at': '2024-11-10T21:33:28+09:00', 'volume': '609.59', 'remaining_volume': '609.59', 'reserved_fee': '229.510635', 'remaining_fee': '229.510635', 'paid_fee': '0', 'locked': '459250.780635', 'executed_volume': '0', 'trades_count': 0}
[21:33:29.021][19][up](BID) 주문상태:wait, {'type': 'myOrder', 'code': 'KRW-EOS', 'uuid': 'b2ac595a-e620-4d8a-837c-77b93c48f2e3', 'ask_bid': 'BID', 'order_type': 'limit', 'state': 'wait', 'trade_uuid': None, 'price': 753, 'avg_price': 0, 'volume': 609.59, 'remaining_volume': 609.59, 'executed_volume': 0, 'trades_count': 0, 'reserved_fee': 229.510635, 'remaining_fee': 229.510635, 'paid_fee': 0, 'locked': 459250.780635, 'executed_funds': 0, 'time_in_force': None, 'trade_timestamp': None, 'order_timestamp': 1731242008000, 'timestamp': 1731242009013, 'stream_type': 'REALTIME'}
[21:33:29.022][19]up22222222222222222 매수대기 (b2ac595a-e620-4d8a-837c-77b93c48f2e3),{'type': 'myOrder', 'code': 'KRW-EOS', 'uuid': 'b2ac595a-e620-4d8a-837c-77b93c48f2e3', 'ask_bid': 'BID', 'order_type': 'limit', 'state': 'wait', 'trade_uuid': None, 'price': 753, 'avg_price': 0, 'volume': 609.59, 'remaining_volume': 609.59, 'executed_volume': 0, 'trades_count': 0, 'reserved_fee': 229.510635, 'remaining_fee': 229.510635, 'paid_fee': 0, 'locked': 459250.780635, 'executed_funds': 0, 'time_in_force': None, 'trade_timestamp': None, 'order_timestamp': 1731242008000, 'timestamp': 1731242009013, 'stream_type': 'REALTIME'}
[21:33:33.126][19]업빗탈출신청(b2ac595a-e620-4d8a-837c-77b93c48f2e3) mode:1, 최종적으로 수량 부족으로 탈출. 빗썸매수2차익:0.0, BitToUp:0.452, UpToBit:0.377, 남은매수/신청매수:609.59/609.59, buy_amount:177.9239, get_total_units:0, up_buy1_amount:177.9239, up_buy2_amount:4239.7928
[21:33:33.250][19]업빗탈출신청결과(b2ac595a-e620-4d8a-837c-77b93c48f2e3) status_code:200 , {'uuid': 'b2ac595a-e620-4d8a-837c-77b93c48f2e3', 'side': 'bid', 'ord_type': 'limit', 'price': '753', 'state': 'wait', 'market': 'KRW-EOS', 'created_at': '2024-11-10T21:33:28+09:00', 'volume': '609.59', 'remaining_volume': '609.59', 'reserved_fee': '229.510635', 'remaining_fee': '229.510635', 'paid_fee': '0', 'locked': '459250.780635', 'executed_volume': '0', 'trades_count': 0}
[21:33:33.291][19]업빗탈출신청(b2ac595a-e620-4d8a-837c-77b93c48f2e3) mode:1, 최종적으로 수량 부족으로 탈출. 빗썸매수2차익:0.0, BitToUp:0.452, UpToBit:0.377, 남은매수/신청매수:609.59/609.59, buy_amount:177.9239, get_total_units:0, up_buy1_amount:177.9239, up_buy2_amount:4239.7928
[21:33:33.324][19][up](BID) 주문상태:cancel, {'type': 'myOrder', 'code': 'KRW-EOS', 'uuid': 'b2ac595a-e620-4d8a-837c-77b93c48f2e3', 'ask_bid': 'BID', 'order_type': 'limit', 'state': 'cancel', 'trade_uuid': None, 'price': 753, 'avg_price': 0, 'volume': 609.59, 'remaining_volume': 609.59, 'executed_volume': 0, 'trades_count': 0, 'reserved_fee': 229.510635, 'remaining_fee': 229.510635, 'paid_fee': 0, 'locked': 459250.780635, 'executed_funds': 0, 'time_in_force': None, 'trade_timestamp': None, 'order_timestamp': 1731242008000, 'timestamp': 1731242013309, 'stream_type': 'REALTIME'}
[21:33:33.325][19]up33333333333333333 매수취소(b2ac595a-e620-4d8a-837c-77b93c48f2e3), {'type': 'myOrder', 'code': 'KRW-EOS', 'uuid': 'b2ac595a-e620-4d8a-837c-77b93c48f2e3', 'ask_bid': 'BID', 'order_type': 'limit', 'state': 'cancel', 'trade_uuid': None, 'price': 753, 'avg_price': 0, 'volume': 609.59, 'remaining_volume': 609.59, 'executed_volume': 0, 'trades_count': 0, 'reserved_fee': 229.510635, 'remaining_fee': 229.510635, 'paid_fee': 0, 'locked': 459250.780635, 'executed_funds': 0, 'time_in_force': None, 'trade_timestamp': None, 'order_timestamp': 1731242008000, 'timestamp': 1731242013309, 'stream_type': 'REALTIME'}
[21:33:33.325][19]up 4444444444444 쓰레드 정리 isclear isClear(b2ac595a-e620-4d8a-837c-77b93c48f2e3), 남은양:609.59, {'type': 'myOrder', 'code': 'KRW-EOS', 'uuid': 'b2ac595a-e620-4d8a-837c-77b93c48f2e3', 'ask_bid': 'BID', 'order_type': 'limit', 'state': 'cancel', 'trade_uuid': None, 'price': 753, 'avg_price': 0, 'volume': 609.59, 'remaining_volume': 609.59, 'executed_volume': 0, 'trades_count': 0, 'reserved_fee': 229.510635, 'remaining_fee': 229.510635, 'paid_fee': 0, 'locked': 459250.780635, 'executed_funds': 0, 'time_in_force': None, 'trade_timestamp': None, 'order_timestamp': 1731242008000, 'timestamp': 1731242013309, 'stream_type': 'REALTIME'}
[21:33:33.326][MyApi]stop_threads 시작 b2ac595a-e620-4d8a-837c-77b93c48f2e3
[21:33:33.438][19]업빗탈출신청결과(b2ac595a-e620-4d8a-837c-77b93c48f2e3) status_code:400 , {'error': {'message': '이미 취소된 주문입니다.', 'name': 'canceled_order'}}
[21:33:33.443]업빗 [19][MyApi]쓰레드 종료
[21:33:33.444][19] 666666666666666 [MyApi]stop_threads 종료 b2ac595a-e620-4d8a-837c-77b93c48f2e3
[21:33:35.078][20]빗썸1111111111111매수신청 완료(C0112000000405550866), mode:1, result:{'uuid': 'C0112000000405550866', 'side': 'bid', 'ord_type': 'limit', 'price': '754', 'state': 'wait', 'market': 'KRW-EOS', 'created_at': '2024-11-10T21:33:35+09:00', 'volume': '2000', 'remaining_volume': '2000', 'reserved_fee': '3770', 'remaining_fee': '3770', 'paid_fee': '0', 'locked': '1511771', 'executed_volume': '0', 'trades_count': 0}
[21:33:35.121][20][bit](BID) 주문상태:wait, {'type': 'myOrder', 'code': 'KRW-EOS', 'uuid': 'C0112000000405550866', 'ask_bid': 'BID', 'order_type': 'limit', 'state': 'wait', 'trade_uuid': None, 'price': 754, 'volume': 2000, 'remaining_volume': 2000, 'executed_volume': 0, 'trades_count': 0, 'reserved_fee': 3770, 'remaining_fee': 3770, 'paid_fee': 0, 'executed_funds': 0, 'trade_timestamp': None, 'order_timestamp': 1731242015000, 'timestamp': 1731242015106, 'stream_type': 'REALTIME'}
[21:33:35.123][20]bit22222222222222222 매수대기 (C0112000000405550866),{'type': 'myOrder', 'code': 'KRW-EOS', 'uuid': 'C0112000000405550866', 'ask_bid': 'BID', 'order_type': 'limit', 'state': 'wait', 'trade_uuid': None, 'price': 754, 'volume': 2000, 'remaining_volume': 2000, 'executed_volume': 0, 'trades_count': 0, 'reserved_fee': 3770, 'remaining_fee': 3770, 'paid_fee': 0, 'executed_funds': 0, 'trade_timestamp': None, 'order_timestamp': 1731242015000, 'timestamp': 1731242015106, 'stream_type': 'REALTIME'}
[21:33:36.166][bit]프로그램으로 신청한게 아닌거 같음. 확인 필요.C0112000000405550871, wait, {'type': 'myOrder', 'code': 'KRW-EOS', 'uuid': 'C0112000000405550871', 'ask_bid': 'BID', 'order_type': 'limit', 'state': 'wait', 'trade_uuid': None, 'price': 754, 'volume': 2000, 'remaining_volume': 2000, 'executed_volume': 0, 'trades_count': 0, 'reserved_fee': 3770, 'remaining_fee': 3770, 'paid_fee': 0, 'executed_funds': 0, 'trade_timestamp': None, 'order_timestamp': 1731242016055, 'timestamp': 1731242016160, 'stream_type': 'REALTIME'}
[21:33:36.180][21]빗썸1111111111111매수신청 완료(C0112000000405550871), mode:1, result:{'uuid': 'C0112000000405550871', 'side': 'bid', 'ord_type': 'limit', 'price': '754', 'state': 'wait', 'market': 'KRW-EOS', 'created_at': '2024-11-10T21:33:36+09:00', 'volume': '2000', 'remaining_volume': '2000', 'reserved_fee': '3770', 'remaining_fee': '3770', 'paid_fee': '0', 'locked': '1511771', 'executed_volume': '0', 'trades_count': 0}
[21:33:37.040][22]빗썸1111111111111매수신청 완료(C0112000000405550882), mode:1, result:{'uuid': 'C0112000000405550882', 'side': 'bid', 'ord_type': 'limit', 'price': '754', 'state': 'wait', 'market': 'KRW-EOS', 'created_at': '2024-11-10T21:33:36+09:00', 'volume': '201.42', 'remaining_volume': '201.42', 'reserved_fee': '379.6767', 'remaining_fee': '379.6767', 'paid_fee': '0', 'locked': '152251.3567', 'executed_volume': '0', 'trades_count': 0}
[21:33:37.071][22][bit](BID) 주문상태:wait, {'type': 'myOrder', 'code': 'KRW-EOS', 'uuid': 'C0112000000405550882', 'ask_bid': 'BID', 'order_type': 'limit', 'state': 'wait', 'trade_uuid': None, 'price': 754, 'volume': 201.42, 'remaining_volume': 201.42, 'executed_volume': 0, 'trades_count': 0, 'reserved_fee': 379.6767, 'remaining_fee': 379.6767, 'paid_fee': 0, 'executed_funds': 0, 'trade_timestamp': None, 'order_timestamp': 1731242016965, 'timestamp': 1731242017062, 'stream_type': 'REALTIME'}
[21:33:37.074][22]bit22222222222222222 매수대기 (C0112000000405550882),{'type': 'myOrder', 'code': 'KRW-EOS', 'uuid': 'C0112000000405550882', 'ask_bid': 'BID', 'order_type': 'limit', 'state': 'wait', 'trade_uuid': None, 'price': 754, 'volume': 201.42, 'remaining_volume': 201.42, 'executed_volume': 0, 'trades_count': 0, 'reserved_fee': 379.6767, 'remaining_fee': 379.6767, 'paid_fee': 0, 'executed_funds': 0, 'trade_timestamp': None, 'order_timestamp': 1731242016965, 'timestamp': 1731242017062, 'stream_type': 'REALTIME'}
[21:33:45.165][22]빗썸탈출신청(C0112000000405550882) mode:1, 빗썸매수3까지 내려옴. 매수금액(754.0), 매수2(755.0)
[21:33:45.165][20]빗썸탈출신청(C0112000000405550866) mode:1, 빗썸매수3까지 내려옴. 매수금액(754.0), 매수2(755.0)
[21:33:45.165][21]빗썸탈출신청(C0112000000405550871) mode:1, 빗썸매수3까지 내려옴. 매수금액(754.0), 매수2(755.0)
[21:33:45.494][21]빗썸탈출신청결과(C0112000000405550871) status_code:200 , {'uuid': 'C0112000000405550871', 'side': 'bid', 'ord_type': 'limit', 'price': '754', 'state': 'wait', 'market': 'KRW-EOS', 'created_at': '2024-11-10T21:33:36+09:00', 'volume': '2000', 'remaining_volume': '2000', 'reserved_fee': '3770', 'remaining_fee': '3770', 'paid_fee': '0', 'locked': '1511771', 'executed_volume': '0', 'trades_count': 0}
[21:33:45.518][20]빗썸탈출신청결과(C0112000000405550866) status_code:200 , {'uuid': 'C0112000000405550866', 'side': 'bid', 'ord_type': 'limit', 'price': '754', 'state': 'wait', 'market': 'KRW-EOS', 'created_at': '2024-11-10T21:33:35+09:00', 'volume': '2000', 'remaining_volume': '2000', 'reserved_fee': '3770', 'remaining_fee': '3770', 'paid_fee': '0', 'locked': '1511771', 'executed_volume': '0', 'trades_count': 0}
[21:33:45.537][22]빗썸탈출신청결과(C0112000000405550882) status_code:200 , {'uuid': 'C0112000000405550882', 'side': 'bid', 'ord_type': 'limit', 'price': '754', 'state': 'wait', 'market': 'KRW-EOS', 'created_at': '2024-11-10T21:33:36+09:00', 'volume': '201.42', 'remaining_volume': '201.42', 'reserved_fee': '379.6767', 'remaining_fee': '379.6767', 'paid_fee': '0', 'locked': '152251.3567', 'executed_volume': '0', 'trades_count': 0}
[21:33:45.586][21][bit](BID) 주문상태:cancel, {'type': 'myOrder', 'code': 'KRW-EOS', 'uuid': 'C0112000000405550871', 'ask_bid': 'BID', 'order_type': 'limit', 'state': 'cancel', 'trade_uuid': None, 'price': 754, 'volume': 2000, 'remaining_volume': 2000, 'executed_volume': 0, 'trades_count': 0, 'reserved_fee': 3770, 'remaining_fee': 3770, 'paid_fee': 0, 'executed_funds': 0, 'trade_timestamp': None, 'order_timestamp': 1731242016055, 'timestamp': 1731242025555, 'stream_type': 'REALTIME'}
[21:33:45.586][21]bit33333333333333333 매수취소(C0112000000405550871), {'type': 'myOrder', 'code': 'KRW-EOS', 'uuid': 'C0112000000405550871', 'ask_bid': 'BID', 'order_type': 'limit', 'state': 'cancel', 'trade_uuid': None, 'price': 754, 'volume': 2000, 'remaining_volume': 2000, 'executed_volume': 0, 'trades_count': 0, 'reserved_fee': 3770, 'remaining_fee': 3770, 'paid_fee': 0, 'executed_funds': 0, 'trade_timestamp': None, 'order_timestamp': 1731242016055, 'timestamp': 1731242025555, 'stream_type': 'REALTIME'}
[21:33:45.586][21]bit 4444444444444 쓰레드 정리 isclear isClear(C0112000000405550871), 남은양:2000.0, {'type': 'myOrder', 'code': 'KRW-EOS', 'uuid': 'C0112000000405550871', 'ask_bid': 'BID', 'order_type': 'limit', 'state': 'cancel', 'trade_uuid': None, 'price': 754, 'volume': 2000, 'remaining_volume': 2000, 'executed_volume': 0, 'trades_count': 0, 'reserved_fee': 3770, 'remaining_fee': 3770, 'paid_fee': 0, 'executed_funds': 0, 'trade_timestamp': None, 'order_timestamp': 1731242016055, 'timestamp': 1731242025555, 'stream_type': 'REALTIME'}
[21:33:45.588][MyApi]stop_threads 시작 C0112000000405550871
[21:33:45.591]빗썸 [21][MyApi]쓰레드 종료
[21:33:45.591][21] 666666666666666 [MyApi]stop_threads 종료 C0112000000405550871
[21:33:45.629][20][bit](BID) 주문상태:cancel, {'type': 'myOrder', 'code': 'KRW-EOS', 'uuid': 'C0112000000405550866', 'ask_bid': 'BID', 'order_type': 'limit', 'state': 'cancel', 'trade_uuid': None, 'price': 754, 'volume': 2000, 'remaining_volume': 2000, 'executed_volume': 0, 'trades_count': 0, 'reserved_fee': 3770, 'remaining_fee': 3770, 'paid_fee': 0, 'executed_funds': 0, 'trade_timestamp': None, 'order_timestamp': 1731242015000, 'timestamp': 1731242025613, 'stream_type': 'REALTIME'}
[21:33:45.629][20]bit33333333333333333 매수취소(C0112000000405550866), {'type': 'myOrder', 'code': 'KRW-EOS', 'uuid': 'C0112000000405550866', 'ask_bid': 'BID', 'order_type': 'limit', 'state': 'cancel', 'trade_uuid': None, 'price': 754, 'volume': 2000, 'remaining_volume': 2000, 'executed_volume': 0, 'trades_count': 0, 'reserved_fee': 3770, 'remaining_fee': 3770, 'paid_fee': 0, 'executed_funds': 0, 'trade_timestamp': None, 'order_timestamp': 1731242015000, 'timestamp': 1731242025613, 'stream_type': 'REALTIME'}
[21:33:45.629][20]bit 4444444444444 쓰레드 정리 isclear isClear(C0112000000405550866), 남은양:2000.0, {'type': 'myOrder', 'code': 'KRW-EOS', 'uuid': 'C0112000000405550866', 'ask_bid': 'BID', 'order_type': 'limit', 'state': 'cancel', 'trade_uuid': None, 'price': 754, 'volume': 2000, 'remaining_volume': 2000, 'executed_volume': 0, 'trades_count': 0, 'reserved_fee': 3770, 'remaining_fee': 3770, 'paid_fee': 0, 'executed_funds': 0, 'trade_timestamp': None, 'order_timestamp': 1731242015000, 'timestamp': 1731242025613, 'stream_type': 'REALTIME'}
[21:33:45.630][22][bit](BID) 주문상태:cancel, {'type': 'myOrder', 'code': 'KRW-EOS', 'uuid': 'C0112000000405550882', 'ask_bid': 'BID', 'order_type': 'limit', 'state': 'cancel', 'trade_uuid': None, 'price': 754, 'volume': 201.42, 'remaining_volume': 201.42, 'executed_volume': 0, 'trades_count': 0, 'reserved_fee': 379.6767, 'remaining_fee': 379.6767, 'paid_fee': 0, 'executed_funds': 0, 'trade_timestamp': None, 'order_timestamp': 1731242016965, 'timestamp': 1731242025613, 'stream_type': 'REALTIME'}
[21:33:45.630][22]bit33333333333333333 매수취소(C0112000000405550882), {'type': 'myOrder', 'code': 'KRW-EOS', 'uuid': 'C0112000000405550882', 'ask_bid': 'BID', 'order_type': 'limit', 'state': 'cancel', 'trade_uuid': None, 'price': 754, 'volume': 201.42, 'remaining_volume': 201.42, 'executed_volume': 0, 'trades_count': 0, 'reserved_fee': 379.6767, 'remaining_fee': 379.6767, 'paid_fee': 0, 'executed_funds': 0, 'trade_timestamp': None, 'order_timestamp': 1731242016965, 'timestamp': 1731242025613, 'stream_type': 'REALTIME'}
[21:33:45.630][22]bit 4444444444444 쓰레드 정리 isclear isClear(C0112000000405550882), 남은양:201.42, {'type': 'myOrder', 'code': 'KRW-EOS', 'uuid': 'C0112000000405550882', 'ask_bid': 'BID', 'order_type': 'limit', 'state': 'cancel', 'trade_uuid': None, 'price': 754, 'volume': 201.42, 'remaining_volume': 201.42, 'executed_volume': 0, 'trades_count': 0, 'reserved_fee': 379.6767, 'remaining_fee': 379.6767, 'paid_fee': 0, 'executed_funds': 0, 'trade_timestamp': None, 'order_timestamp': 1731242016965, 'timestamp': 1731242025613, 'stream_type': 'REALTIME'}
[21:33:45.631][MyApi]stop_threads 시작 C0112000000405550866
[21:33:45.632][MyApi]stop_threads 시작 C0112000000405550882
[21:33:45.634]빗썸 [20][MyApi]쓰레드 종료
[21:33:45.634][20] 666666666666666 [MyApi]stop_threads 종료 C0112000000405550866
[21:33:45.636]빗썸 [22][MyApi]쓰레드 종료
[21:33:45.636][22] 666666666666666 [MyApi]stop_threads 종료 C0112000000405550882
[21:33:46.504][23]빗썸1111111111111매수신청 완료(C0112000000405550938), mode:1, result:{'uuid': 'C0112000000405550938', 'side': 'bid', 'ord_type': 'limit', 'price': '754', 'state': 'wait', 'market': 'KRW-EOS', 'created_at': '2024-11-10T21:33:46+09:00', 'volume': '2000', 'remaining_volume': '2000', 'reserved_fee': '3770', 'remaining_fee': '3770', 'paid_fee': '0', 'locked': '1511771', 'executed_volume': '0', 'trades_count': 0}
[21:33:46.576][23][bit](BID) 주문상태:wait, {'type': 'myOrder', 'code': 'KRW-EOS', 'uuid': 'C0112000000405550938', 'ask_bid': 'BID', 'order_type': 'limit', 'state': 'wait', 'trade_uuid': None, 'price': 754, 'volume': 2000, 'remaining_volume': 2000, 'executed_volume': 0, 'trades_count': 0, 'reserved_fee': 3770, 'remaining_fee': 3770, 'paid_fee': 0, 'executed_funds': 0, 'trade_timestamp': None, 'order_timestamp': 1731242026421, 'timestamp': 1731242026553, 'stream_type': 'REALTIME'}
[21:33:46.578][23]bit22222222222222222 매수대기 (C0112000000405550938),{'type': 'myOrder', 'code': 'KRW-EOS', 'uuid': 'C0112000000405550938', 'ask_bid': 'BID', 'order_type': 'limit', 'state': 'wait', 'trade_uuid': None, 'price': 754, 'volume': 2000, 'remaining_volume': 2000, 'executed_volume': 0, 'trades_count': 0, 'reserved_fee': 3770, 'remaining_fee': 3770, 'paid_fee': 0, 'executed_funds': 0, 'trade_timestamp': None, 'order_timestamp': 1731242026421, 'timestamp': 1731242026553, 'stream_type': 'REALTIME'}
[21:33:47.356][24]빗썸1111111111111매수신청 완료(C0112000000405550944), mode:1, result:{'uuid': 'C0112000000405550944', 'side': 'bid', 'ord_type': 'limit', 'price': '754', 'state': 'wait', 'market': 'KRW-EOS', 'created_at': '2024-11-10T21:33:47+09:00', 'volume': '2000', 'remaining_volume': '2000', 'reserved_fee': '3770', 'remaining_fee': '3770', 'paid_fee': '0', 'locked': '1511771', 'executed_volume': '0', 'trades_count': 0}
[21:33:47.418][24][bit](BID) 주문상태:wait, {'type': 'myOrder', 'code': 'KRW-EOS', 'uuid': 'C0112000000405550944', 'ask_bid': 'BID', 'order_type': 'limit', 'state': 'wait', 'trade_uuid': None, 'price': 754, 'volume': 2000, 'remaining_volume': 2000, 'executed_volume': 0, 'trades_count': 0, 'reserved_fee': 3770, 'remaining_fee': 3770, 'paid_fee': 0, 'executed_funds': 0, 'trade_timestamp': None, 'order_timestamp': 1731242027286, 'timestamp': 1731242027400, 'stream_type': 'REALTIME'}
[21:33:47.419][24]bit22222222222222222 매수대기 (C0112000000405550944),{'type': 'myOrder', 'code': 'KRW-EOS', 'uuid': 'C0112000000405550944', 'ask_bid': 'BID', 'order_type': 'limit', 'state': 'wait', 'trade_uuid': None, 'price': 754, 'volume': 2000, 'remaining_volume': 2000, 'executed_volume': 0, 'trades_count': 0, 'reserved_fee': 3770, 'remaining_fee': 3770, 'paid_fee': 0, 'executed_funds': 0, 'trade_timestamp': None, 'order_timestamp': 1731242027286, 'timestamp': 1731242027400, 'stream_type': 'REALTIME'}
[21:33:48.241][25]빗썸1111111111111매수신청 완료(C0112000000405550953), mode:1, result:{'uuid': 'C0112000000405550953', 'side': 'bid', 'ord_type': 'limit', 'price': '755', 'state': 'wait', 'market': 'KRW-EOS', 'created_at': '2024-11-10T21:33:48+09:00', 'volume': '201.42', 'remaining_volume': '201.42', 'reserved_fee': '380.18025', 'remaining_fee': '380.18025', 'paid_fee': '0', 'locked': '152453.28025', 'executed_volume': '0', 'trades_count': 0}
[21:33:48.270][25][bit](BID) 주문상태:wait, {'type': 'myOrder', 'code': 'KRW-EOS', 'uuid': 'C0112000000405550953', 'ask_bid': 'BID', 'order_type': 'limit', 'state': 'wait', 'trade_uuid': None, 'price': 755, 'volume': 201.42, 'remaining_volume': 201.42, 'executed_volume': 0, 'trades_count': 0, 'reserved_fee': 380.18025, 'remaining_fee': 380.18025, 'paid_fee': 0, 'executed_funds': 0, 'trade_timestamp': None, 'order_timestamp': 1731242028158, 'timestamp': 1731242028260, 'stream_type': 'REALTIME'}
[21:33:48.271][25]bit22222222222222222 매수대기 (C0112000000405550953),{'type': 'myOrder', 'code': 'KRW-EOS', 'uuid': 'C0112000000405550953', 'ask_bid': 'BID', 'order_type': 'limit', 'state': 'wait', 'trade_uuid': None, 'price': 755, 'volume': 201.42, 'remaining_volume': 201.42, 'executed_volume': 0, 'trades_count': 0, 'reserved_fee': 380.18025, 'remaining_fee': 380.18025, 'paid_fee': 0, 'executed_funds': 0, 'trade_timestamp': None, 'order_timestamp': 1731242028158, 'timestamp': 1731242028260, 'stream_type': 'REALTIME'}
